2031 2952
529 160 909 213 cinnamum
943 164 984 213 1.
1005 152 1234 239 '15—1j7.

238 278 290 333 N
292 297 361 334 on
383 278 721 350 Dindymene,
747 298 850 333 non
873 278 1041 350 adytis
1067 280 1234 350 quatit

237 349 817 405 Mentemsacerdotum
842 349 1011 405 incola
1036 349 1276 420 Pythius,

305 419 430 475 Non
452 419 612 491 Liber
634 438 792 492 aeque,
820 439 920 474 non
946 426 1102 474 acuta
1260 430 1264 434 ’

375 491 460 546 Sic
483 490 745 562 geminant
771 490 1089 561 Corybantes
1115 508 1231 556 aera,

234 559 429 616 Tristes
453 568 514 616 ut
535 561 639 627 irae,
668 579 793 632 quas
814 572 982 632 neque
1007 560 1233 616 Noricus

233 630 477 687 Deterret
502 632 638 686 ensis
662 650 756 687 nec
778 650 916 687 mare
941 630 1093 685 naufr
1193 636 1266 686 m.

300 701 416 756 Nec
440 720 605 758 saevus
630 702 764 774 ignis
790 720 885 757 nec
912 706 1113 757 tremen
1150 720 1179 758 o

370 772 407 826 J
409 791 442 826 u
479 772 579 827 iter
600 772 710 843 ipse
733 792 887 828 ruens
912 772 1156 827 tumultu.

233 841 420 897 Fertur
490 841 798 909 rometheus‚
826 842 1012 899 addere
1040 843 1253 917 principi
1331 911 1335 915 .

231 913 383 968 Limo
406 918 615 968 coactus
641 914 940 984 particulam
966 912 1194 989 undique
1274 932 1281 939 ·

300 982 590 1049 Desectam,
617 987 671 1039 et
694 984 860 1039 insani
882 983 1043 1039 leonis
1091 999 1101 1008 ·

369 1054 492 1109 Vim
517 1054 778 1110 stomacho
803 1055 1100 1126 apposuisse
1123 1057 1320 1110 nostro.

231 1124 331 1179 Irae
354 1124 616 1196 Thyesten
639 1125 801 1180 exitio
916 1125 969 1179 vi

235 1195 472 1250 Stravere
497 1199 552 1251 et
575 1195 693 1251 altis
717 1195 832 1251 urbi
867 1214 928 1249 us
951 1195 1146 1250 ultimae
1255 1230 1260 1234 ·

300 1266 502 1321 Stetere
525 1284 707 1332 causae,
733 1284 825 1321 cur
848 1265 1073 1337 perirent

370 1335 628 1392 Funditus
652 1336 1063 1407 imprimeretque
1086 1335 1247 1392 muris

232 1405 441 1461 Hostile
465 1412 693 1462 aratrum
717 1406 974 1461 exercitus
998 1405 1238 1461 insolens,

233 1478 514 1549 Compesce
538 1482 787 1543 mentem3
823 1495 903 1532 me
930 1495 1131 1549 quoque
1155 1480 1381 1549 pectoris

301 1548 544 1604 Tentavit
567 1548 622 1602 in
645 1547 781 1602 dulci
807 1547 1015 1602 'uventa

371 1619 563 1674 Fervor
586 1627 639 1674 et
662 1618 717 1673 in
740 1636 798 1674 ce
819 1637 929 1673 eres
952 1618 1148 1674 iambos

230 1689 381 1745 Misit
405 1686 675 1744 furentem.
747 1690 903 1745 Nunc
927 1708 1025 1760 ego
1048 1690 1259 1746 mitibus

232 1760 443 1816 Mutare
464 1778 638 1832 quaero
659 1759 843 1825 tristia,
871 1760 994 1815 dum
1017 1761 1145 1815 mihi

299 1830 417 1886 Fias
441 1832 717 1885 recantatis
741 1832 901 1886 amica

324 1915 327 1918 ·
368 1900 671 1974 opprobriis
694 1901 1017 1974 animumque
1040 1901 1241 1957 reddas.

329 2116 640 2174 CARMEN
676 2115 1004 2172 xva—An
1042 2128 1426 2168 rmmmnnm.

229 2244 425 2301 Venox
447 2264 696 2302 amoenum
723 2262 859 2316 saepe
881 2243 1200 2299 Lucretilem

229 2316 411 2371 Mutat
435 2317 482 2371 L
517 2334 622 2372 caeo
645 2318 871 2380 FaunuS,
898 2317 952 2369 et
976 2315 1177 2385 igneam

297 2386 467 2442 Defen
505 2388 543 2442 't
568 2391 798 2442 aestatem
824 2384 1034 2456 capellis

369 2458 551 2528 Usque
575 2457 701 2512 meis
725 2455 1026 2527 pluviosque
1049 2458 1247 2511 ventos.

229 2527 449 2600 Impune
472 2531 646 2583 tutum
669 2546 761 2598 per
782 2545 961 2582 nemus
985 2526 1196 2582 arbutos

227 2599 478 2668 Quaerunt
502 2598 721 2654 latentes
746 2602 799 2653 et
822 2597 999 2668 thyma
1024 2596 1185 2652 deviae

299 2668 504 2725 Olentis
527 2673 715 2723 uxores
740 2667 927 2733 mariti,

364 2741 417 2793 N
417 2756 476 2794 ec
497 2737 685 2794 virides
709 2743 945 2794 metuunt
970 2738 1222 2805 colubras,

154 2825 287 2867 13013.
862 2826 893 2863 C

1545 592 1669 687 '10

1601 1340 1667 1394 20
