2031 2952
630 108 1126 161 EPISTOLARUM
1159 112 1203 161 1.
1238 114 1318 163 16.
1636 120 1637 123 ’
1663 114 1763 164 209

178 223 497 296 Temperiem
520 222 715 280 laudes.
789 225 943 295 Quid,
971 225 1014 281 si
1041 224 1326 281 rubicunda
1348 224 1558 295 benigni

179 296 354 350 Corna.
376 313 555 366 vepres
581 302 635 350 et
659 314 825 368 pruna
849 296 1057 351 ferant?
1095 295 1140 351 si
1164 314 1383 368 quercus
1409 301 1463 350 et
1488 295 1592 350 ilex

177 366 355 421 Multa.
379 366 528 434 fruge
554 384 729 436 pecus»,
757 366 921 421 multa.
943 366 1206 421 dominum
1227 367 1378 438 juvet
1402 366 1622 422 umbra?
1703 367 1773 421 10

178 435 339 492 Dicas
365 436 647 492 adductum
708 437 883 509 ropius
909 437 1146 492 frondere
1171 437 1469 492 Tarentum.

178 507 319 563 Fons
344 508 498 562 etiam
523 507 632 562 rivo
655 566 658 571 ⁴
692 526 777 562 are
801 526 989 564 nomen
1012 506 1243 571 idoneus,
1270 518 1332 561 ut
1356 525 1451 562 nec

180 576 441 649 Frigidior
464 577 714 633 Thracam
739 597 833 633 nec
857 580 1035 650 purior
1059 576 1248 633 ambiat
1270 577 1503 644 Hebrus,

179 647 395 703 Infirmo
420 648 576 719 capiti
601 648 718 702 fluit
743 649 902 714 utilis,
928 648 1074 703 utilis
1100 647 1233 703 alvo,

179 717 284 774 Hae
307 717 515 774 latebrae
540 719 734 786 dulcem
761 721 932 785 etiam,
961 718 1006 774 si
1031 718 1213 785 credis,
1240 737 1468 783 amoenae‚

178 788 498 844 Incolumem
526 788 623 844 tibi
646 808 728 845 me
753 794 1001 861 praestant
1030 789 1416 860 Septembribus
1441 789 1597 846 horis.

180 859 265 914 Tu
287 866 430 914 recte
453 859 600 924 vivia,
629 859 674 915 si
699 878 846 916 curas
872 878 986 915 esse
1011 860 1148 932 quod
1173 859 1338 914 audis.

180 929 450 985 Jactamus
469 929 774 1002 jampridem
799 930 963 986 omnis
987 935 1041 986 te
1068 930 1236 985 Roma
1258 929 1498 998 beatum3

184 999 289 1054 Sed
311 1019 506 1066 vereor,
533 1019 599 1055 ne
624 1001 708 1056 eui
733 1001 796 1056 de
819 1006 874 1057 te
899 1001 1012 1071 plus
1043 1020 1195 1072 quam
1221 1001 1315 1057 tibi
1341 1000 1538 1068 credas,

181 1071 331 1127 Neve
355 1076 509 1143 putes
534 1071 685 1126 alium
713 1073 947 1144 sapiente
973 1071 1210 1143 bonoque
1234 1070 1474 1138 beatum3
1708 1073 1778 1128 20

182 1142 316 1206 Neu,
344 1141 390 1196 si
414 1145 467 1196 te
494 1142 711 1211 populus
737 1161 917 1197 sanum
942 1149 1183 1213 recteque
1208 1142 1465 1196 valentem

182 1210 424 1278 Dictitet‚
452 1212 702 1268 occultam
730 1213 925 1267 febrem
949 1213 1045 1268 sub
1072 1218 1276 1284 tempus
1303 1211 1490 1267 edendi

181 1280 510 1348 DissimuleS,
537 1283 701 1339 donec
725 1282 959 1339 manibus
985 1288 1176 1337 tremor
1201 1282 1392 1338 incidat
1417 1281 1608 1340 unctis.

184 1352 473 1407 Stultorum
500 1353 733 1408 incurata
756 1353 923 1425 pudor
948 1352 1112 1408 malus
1141 1353 1311 1407 ulcera
1333 1353 1482 1414 celat.

183 1423 240 1478 Si
264 1423 380 1496 quis
405 1422 540 1479 bella
562 1423 659 1479 tibi
682 1428 822 1480 terra
844 1433 1077 1497 pugnata
1100 1422 1329 1495 marique

182 1493 360 1561 Dicat,
387 1500 441 1550 et
465 1495 547 1549 his
573 1494 743 1550 verbis
766 1513 954 1551 vacuas
980 1494 1294 1565 permulceat
1321 1513 1486 1561 auree,

185 1566 374 1620 “Tene
397 1566 561 1635 magis
587 1565 781 1620 salvum
808 1565 1031 1637 populus
1057 1565 1199 1631 velit,
1226 1584 1293 1620 an
1314 1566 1567 1638 populum
1592 1568 1671 1632 tu,

187 1636 369 1690 Servet
393 1635 446 1690 in
471 1635 726 1707 ambigu0,
756 1637 846 1708 qui
871 1635 1095 1691 consulit
1120 1643 1174 1691 et
1197 1635 1295 1691 tibi
1319 1640 1372 1690 et
1396 1635 1529 1703 urbi,

184 1705 394 1777 Jupiter
409 1707 460 1772 ;’'
498 1707 729 1778 Augusti
752 1706 930 1762 laudes
957 1725 1237 1779 agnoscere
1262 1707 1458 1777 possis:

184 1776 358 1844 Quum
383 1779 574 1848 pateris
601 1777 801 1849 sapiens
828 1780 1231 1859 emendatusque
1254 1777 1446 1842 vocari,
1708 1778 1778 1832 30

184 1845 557 1916 Respondesne
582 1852 691 1913 tun,
719 1849 800 1903 dic
823 1848 989 1913 sodeS,
1015 1849 1259 1903 nomme?
1336 1851 1367 1875 ‘⁶
1385 1847 1588 1917 Nempe

185 1916 285 1971 Vir
311 1916 475 1972 bonus
501 1924 555 1972 et
580 1918 804 1989 prudens
828 1918 932 1974 dici
955 1918 1183 1974 delector
1206 1936 1305 1989 ego
1330 1936 1392 1973 ac
1415 1919 1529 1972 tu.'’

187 1987 292 2055 Qui
317 1987 458 2042 dedit
483 1987 581 2044 hoc
606 1988 769 2054 hodie,
797 2007 925 2054 orae,
952 1989 998 2044 si
1020 1989 1175 2055 volet,
1202 1988 1416 2053 ausseret,
1443 1993 1504 2042 ut
1530 1986 1577 2042 si

185 2056 450 2113 Detulerit
479 2059 642 2114 fasces
666 2058 894 2140 indigno,
922 2059 1160 2114 detrahet
1184 2057 1335 2113 idem.

190 2131 226 2157 “
239 2129 401 2195 Pone,
424 2147 595 2184 meum
620 2132 755 2195 est,’'
780 2131 964 2201 mquit.
1039 2130 1203 2194 Pon0,
1230 2127 1498 2200 tristisque
1522 2128 1726 2184 recedo,

186 2198 334 2254 Idem
363 2199 408 2253 si
431 2200 614 2254 clamet
639 2202 819 2264 furem,
845 2205 1000 2272 neget
1026 2218 1139 2255 esse
1165 2198 1422 2269 pudicum,

188 2269 483 2325 Contendat
507 2270 688 2342 laqueo
713 2270 903 2325 collum
926 2272 1172 2340 pressisse
1198 2274 1461 2340 paternum
1481 2291 1496 2335 3

187 2339 437 2394 Mordear
459 2340 745 2412 opprobriis
773 2340 913 2396 falsis
937 2345 1234 2411 mutemque
1260 2339 1496 2395 colores?

187 2410 374 2467 Falsus
398 2410 561 2466 honor
577 2412 728 2482 juvat
752 2418 805 2466 et
830 2410 1048 2465 mendax
1073 2409 1280 2466 infamia
1303 2415 1464 2485 terret
1491 2408 1672 2481 [quisP
1712 2411 1780 2466 40

188 2481 358 2551 Quem
383 2480 482 2535 nisi
508 2481 807 2537 mendosum
832 2488 885 2536 et
904 2481 1301 2536 medicandum?
1352 2480 1450 2536 Vir
1469 2480 1634 2536 bouus
1659 2488 1740 2536 est

189 2551 295 2622 Qui
318 2551 556 2608 consulta
580 2557 799 2621 patrum,
826 2552 913 2623 qui
937 2552 1078 2624 leges
1098 2552 1318 2622 juraque
1342 2557 1533 2618 servat,

188 2623 308 2693 Quo
333 2622 508 2678 multae
530 2637 830 2693 magnaeque
853 2633 1093 2678 secantur
1109 2620 1286 2694 judice
1308 2621 1447 2688 lites,

190 2693 314 2755 Quo
337 2712 420 2750 res
446 2710 692 2766 sponsore
717 2697 769 2747 et
794 2711 898 2763 quo
922 2711 1092 2749 causae
1115 2698 1250 2749 teste
1272 2698 1532 2750 tenentur.

261 2782 392 2821 non..
963 2780 997 2819 Ρ
