2031 2952
1194 46 1205 77 Ι
1306 34 1353 53 ,dh

603 143 1097 233 nmsronARtJn
1132 106 1205 194 11ss
1241 126 1319 197 s:
1408 66 1531 179 7
1574 107 1750 222 7225

151 262 458 334 Garganum·
475 262 673 334 mugire
700 265 854 333 putes
879 279 1061 317 nemus
1080 256 1178 316 *aut
1202 278 1342 316 mare
1364 258 1608 328 Tuscum,

152 335 320 389 Tanto
346 352 464 389 oum
489 333 715 405 strepitu
739 332 848 388 ludi
874 336 1176 458 spectantur
1200 336 1254 388 et
1279 336 1416 388 artes

153 405 467 475 Divitiaeque
494 404 794 475 peregrinae,
823 422 912 476 qm
947 422 1009 457 us
1036 403 1230 459 oblitus
1254 408 1401 459 actor

156 476 334 535 Quum
360 474 509 530 stetit
533 474 587 529 in
614 493 783 540 scena,
812 474 1075 529 concurrit
1100 473 1314 529 dextera
1336 474 1489 529 laevae.

154 545 306 600 Dixit
333 545 501 600 adhuc
523 544 714 616 aliquid
732 543 923 600 ?——Nil
946 544 1282 613 sane—Quid
1303 544 1475 617 placet
1499 560 1623 615 ergo
1639 542 1734 599 1³-

155 616 303 671 Lana
325 615 605 671 Tarentino
630 615 791 670 violas
815 614 1022 670 imitata.
1045 633 1259 670 veneno.

158 688 237 742 A'c
264 704 327 741 ne
352 685 486 742 forte
511 692 664 757 putes
691 705 788 753 me,
816 704 931 756 quae
954 685 1121 741 facere
1145 686 1255 756 ipse
1277 702 1528 752 recusem,

157 757 329 826 Quum
353 761 496 813 recte
521 760 747 812 tractent
771 756 876 822 alii,
904 755 1113 812 laudare
1136 755 1391 827 maligne:

156 827 256 883 Ille
285 845 375 899 per
399 830 670 882 extentum
695 827 870 883 funem
894 827 1023 885 mihi
1044 845 1198 899 posse
1222 826 1431 882 videtur
1651 825 1754 881 210

157 898 243 953 Ire
269 902 436 970 poeta,
466 916 630 952 meum
694 898 750 952 ui
774 900 956 968 pectus
982 897 1204 952 inaniter
1226 897 1387 968 angit,

159 968 356 1034 Irritat,
383 967 590 1034 mulcet,
617 916 762 1023 fallsis
785 967 1072 1023 terroribus
1097 967 1293 1039 implet,

158 1039 238 1094 Ut
266 1057 461 1111 maguS,
489 1044 542 1093 et
569 1038 721 1094 modo
747 1057 826 1094 me
851 1037 1057 1104 Thebis,
1086 1037 1237 1093 modo
1261 1038 1410 1109 ponit
1432 1035 1664 1094 Athenis.

160 1109 359 1164 Verum
385 1127 480 1180 age
505 1113 558 1164 et
583 1109 678 1189 hiS,
707 1109 875 1190 quise
900 1108 1085 1165 lectori
1110 1108 1318 1191 credere
1341 1107 1543 1164 malunt

162 1178 1336 1331 8353n235532t3522<535¹31¹2f3555⁵333&
1362 1249 1575 1321 dignum

159 1320 257 1374 Vis
284 1319 542 1390 complere
565 1319 711 1375 libris
735 1325 790 1374 et
814 1319 1023 1374 vatibus
1047 1319 1235 1375 addere
1260 1319 1443 1387 calcar,

161 1390 242 1445 Ut
268 1390 443 1445 studio
471 1390 662 1462 majore
687 1394 869 1460 petant
894 1390 1151 1445 Helicona
1175 1390 1441 1445 virentem.
1472 1388 1483 1399 “

161 1460 339 1517 Multa
363 1458 567 1534 quidem
593 1460 743 1517 nobis
769 1460 983 1517 facimus
1009 1460 1142 1517 mala
1165 1480 1302 1532 soepe
1326 1463 1589 1532 politae,—

160 1533 241 1588 Ut
259 1533 434 1587 vineta
457 1537 664 1603 egomet
688 1531 883 1588 caedam
906 1550 1106 1599 mea—,
1164 1551 1286 1588 uum
1312 1532 1409 1588 tibi
1432 1532 1619 1589 librum
1654 1533 1758 1588 220

162 1602 393 1658 Sollicito
419 1603 600 1658 damus
625 1606 718 1657 ant
745 1602 911 1670 sesso;
950 1622 1111 1674 quum
1155 1602 1383 1671 aedimur,
1410 1623 1571 1660 unum

162 1673 217 1734 Si
241 1673 357 1745 quis
382 1672 661 1728 amicorum
687 1678 769 1728 est
791 1692 950 1729 ausus
974 1673 1352 1744 reprehendere
1377 1694 1622 1741 versum3

161 1744 337 1813 Quum
359 1743 473 1798 loca
490 1743 595 1814 jam
623 1744 844 1799 recitata
867 1744 1179 1800 revolvimus
1207 1744 1482 1801 irrevocati
1498 1768 1519 1814 3-

162 1814 338 1883 Quum
361 1813 702 1869 lamentamur
727 1832 833 1869 non
857 1833 1105 1886 apparere
1129 1814 1330 1870 labores

161 1885 390 1941 Nostros
414 1890 469 1940 et
495 1885 641 1940 tenui
666 1884 890 1941 deducta
912 1889 1155 1956 poemata
1177 1887 1262 1940 filo
1281 1908 1296 1952 ;

163 1954 1608 2098 333}„Zpssssssffissssisessgsst‘n‘gissssuffi&gdfiffffltssssque

164 2100 414 2153 Arcessas
439 2101 494 2153 et
519 2115 673 2168 egere
698 2102 843 2152 vetes
869 2103 923 2153 et
949 2097 1174 2152 scribere
1198 2114 1371 2167 cogas.

53 2185 57 2192 ·
169 2167 470 2222 Sed-tamen
494 2174 575 2222 est
600 2186 631 2222 o
703 2187 770 2223 rae
794 2168 1019 2238 pretium
1045 2184 1372 2239 cognoscere,
1398 2165 1576 2239 quales
1861 2222 1865 2226 .

166 2237 410 2293 AEdituos
435 2237 620 2294 habeat
682 2238 769 2293 elli
792 2242 1029 2308 spectata
1052 2236 1291 2308 domique
1659 2236 1763 2292 230

102 2347 106 2351 »
166 2308 353 2363 Virtus
377 2308 592 2380 indigno
616 2327 723 2364 non
746 2308 1115 2364 committenda
1136 2313 1324 2379 poetae.

169 2379 361 2434 Gratus
385 2378 682 2435 Alexandro
707 2380 820 2462 regi
842 2379 902 2435 M
971 2398 1040 2434 no
1066 2378 1165 2434 fuit
1188 2379 1274 2435 ille

169 2448 439 2515 Ohoerilus,
464 2449 676 2505 incultis
701 2468 788 2522 qul
813 2469 948 2506 versi
987 2468 1054 2503 us
1073 2456 1128 2503 et
1150 2448 1282 2504 male
1305 2449 1444 2505 natis

168 2520 400 2576 Rettulit
424 2524 685 2590 acceptos»,
711 2520 884 2592 regale
908 2520 1173 2584 nomisma,
1199 2520 1490 2603 Philippos.

171 2589 273 2645 Sed
296 2590 463 2646 veluti
483 2594 710 2646 tractata
733 2594 904 2646 notam
929 2590 1200 2661 labemque
1223 2594 1500 2647 remlttunt

168 2661 488 2726 Ati-amenta,
515 2662 623 2716 fere
647 2661 925 2732 scriptores
950 2662 1173 2718 carmine
1197 2661 1333 2717 foedo

173 2731 449 2803 Splendida
473 2733 610 2788 facta
631 2729 819 2791 linunt.
892 2731 1042 2788 Idem
1065 2750 1159 2788 rex
1181 2732 1283 2800 ille,
1310 2736 1495 2805 poema

239 2819 370 2867 non,
947 2819 987 2871 Q
