2031 2952
946 140 1242 191 HORATII
1259 144 1264 149 ’

510 255 730 312 Frustra
750 256 966 310 cruento
990 255 1166 310 Marte
1189 255 1474 312 carebimus

510 325 816 397 Fractisque
837 325 981 380 rauci
1004 325 1250 382 fluctibus
1275 327 1501 394 Hadriae,

577 398 796 452 Frustra
817 414 911 466 per
933 401 1210 452 autumnos
1233 403 1505 454 nocentem

651 464 963 539 Corporibus
987 471 1277 522 metuemus
1299 469 1583 527 Austrum:

510 536 773 593 Visendus
798 540 909 592 ater
931 538 1144 593 flumine
1167 538 1411 610 languido

511 607 737 679 Cocytos
761 626 938 663 errans
962 613 1018 664 et
1035 607 1204 663 Danai
1227 628 1391 680 genus

582 679 784 734 Infame
807 678 1180 751 damnatusque
1203 679 1347 751 longi

654 750 735 804 Sis
807 748 906 804 hus
929 749 1164 805 AEolides
1189 749 1394 808 laboris.

512 818 751 890 Linquen
788 838 820 874 a
841 819 997 875 tellus
1022 825 1077 875 et
1103 820 1285 876 domus
1310 827 1364 878 et
1388 821 1598 894 placens

512 890 679 958 Uxor,
704 908 875 962 neque
898 889 1100 958 harum,
1128 910 1255 963 quas
1280 894 1425 961 colis,
1452 895 1690 950 arborum

579 961 653 1015 Te
714 967 866 1017 raeter
889 961 1081 1016 invisas
1107 980 1377 1034 cupressos

707 1031 775 1086 lla
798 1031 1006 1086 brevem
1032 1032 1296 1088 dominum
1321 1038 1585 1106 sequetur.

511 1100 766 1157 Absumet
788 1101 937 1158 heres
964 1102 1188 1159 Caecuba
1211 1103 1414 1176 dignior

511 1173 730 1228 Servata
751 1177 961 1228 centum
985 1174 1214 1229 clavibus
1238 1181 1292 1230 et
1318 1194 1457 1232 mero

577 1243 766 1314 'ringet
789 1243 1141 1325 pavimentum
1166 1245 1404 1315 superb0,

650 1314 965 1370 Pontxficum
986 1315 1190 1388 potiore
1214 1317 1389 1372 coenis.

428 1552 745 1610 CARMEN
782 1551 1043 1616 XV.‚—-m
1079 1569 1173 1609 sm
1210 1570 1406 1609 secum
1443 1571 1759 1613 noxum.

506 1668 544 1722 J
543 1683 626 1722 Au
649 1685 814 1738 pauca
837 1673 1007 1722 aratro
1028 1667 1216 1739 jugera
1239 1686 1294 1723 re
1332 1667 1393 1725 iae

508 1737 679 1793 Moles
703 1737 1012 1809 relinquent,
1040 1738 1270 1810 undique
1315 1739 1450 1795 atius

579 1808 811 1864 Extenta
833 1808 1069 1863 visentur
1090 1809 1318 1864 Lucrino

650 1880 848 1951 Stagna
869 1878 987 1935 lacu
1046 1878 1348 1950 latanusque
1372 1879 1555 1936 caelebs

506 1948 727 2004 Evincet
751 1951 936 2005 ulmos.
1008 1898 1142 2005 Ιίὐιο
1168 1948 1380 2005 violaria
1402 1955 1457 2006 et

508 2018 719 2093 Myrtus
744 2025 797 2075 et
823 2019 989 2075 omnis
1013 2019 1163 2091 copia
1186 2020 1391 2076 narium

580 2092 834 2162 Spargent
859 2089 1067 2145 olivetis
1091 2090 1296 2145 odorem

647 2159 929 2216 Fertilibus
953 2160 1162 2216 domino
1186 2160 1378 2232 priori3

510 2230 645 2286 Tum
670 2250 696 2286 s
733 2232 838 2287 issa
860 2232 1019 2287 ramis
1043 2231 1220 2286 laurea
1242 2230 1467 2285 fervidos

514 2301 675 2357 Exclu
711 2305 764 2356 et
790 2303 944 2356 ictus.
1018 2301 1145 2357 Non
1166 2301 1244 2357 ita
1267 2299 1482 2356 Romuli

579 2371 949 2453 Praescriptum
973 2375 1029 2427 et
1051 2371 1248 2427 intonsi
1273 2370 1485 2427 Catonis

648 2441 910 2522 Ausplciis
935 2446 1273 2513 veterumque
1299 2461 1493 2499 norma.

508 2506 750 2566 Privatus
773 2511 874 2565 lllis
900 2529 1087 2566 census
1113 2518 1224 2566 erat
1250 2511 1437 2578 breviS,

514 2578 792 2636 Commune
815 2599 1088 2650 magnum:
1127 2580 1270 2635 nulla
1294 2582 1618 2655 decempedis

577 2647 785 2706 Metata
807 2649 1024 2720 privatis
1050 2667 1264 2719 opacam

648 2719 893 2775 Porticus
918 2719 1208 2790 excipiebat
1232 2721 1432 2776 Arcton
1455 2742 1471 2788 ;

1822 755 1901 811 20

1842 2308 1916 2362 10
