2031 2952
561 154 938 204 CARMINUM
977 154 1079 204 111.
1116 158 1327 204 14—16.

293 274 545 329 Demersa
569 272 745 339 exitio,
773 271 955 327 diffidit
980 270 1186 327 urbium

292 346 482 402 Portas
505 345 584 399 vir
608 343 829 399 Macedo
854 347 908 398 et
933 342 1138 398 submit
1162 342 1374 398 aemulos

290 416 466 487 Reges
489 414 819 482 muneribus;
859 432 1073 469 munera
1096 412 1305 468 navium

433 487 606 542 Saevos
630 486 908 557 illaqueant
934 486 1108 540 duces,

294 559 628 614 Crescentem
652 557 887 628 sequitur
911 574 1037 610 cura
1060 555 1325 625 pecuniam

293 629 657 701 Majorumque
681 627 857 682 fames.
930 626 965 680 J
967 644 1058 680 ure
1083 627 1354 696 perhorrui

289 700 423 756 Late
448 698 780 770 conspicuum
806 696 990 752 tollere
1014 697 1278 764 verticem,

430 769 708 832 Maecenas,
736 768 968 839 equitum
994 767 1170 823 decus.

295 840 505 910 Quanto
529 838 643 910 quis
718 858 746 892 e
772 837 867 894 sibi
890 838 1039 919 plura
1063 840 1343 909 negaverit,

288 913 339 966 A
363 911 462 965 Dis
487 909 637 981 plura
680 915 819 964 eret:
857 907 930 963 ml
956 910 1274 980 cupientium

293 981 479 1037 Nudus
505 985 676 1035 eastra
699 984 820 1051 peto
846 984 898 1034 et
922 980 1195 1051 transfuga
1217 980 1436 1041 divitum

428 1052 613 1106 Partes
637 1050 866 1121 linquere
891 1050 1079 1122 gesti0,

292 1122 615 1188 Contemptae
642 1119 878 1179 dominus
904 1119 1219 1191 splendidior
1240 1120 1330 1187 rei,

288 1193 454 1261 Quam
484 1192 527 1246 si
553 1189 802 1263 quidquid
829 1196 939 1245 arat
964 1190 1185 1262 impiger
1206 1191 1414 1264 Apulus

288 1262 566 1318 Occultare
592 1262 717 1316 meis
744 1260 939 1316 dicerer
962 1261 1178 1327 horreis,

356 1382 375 1401 ,
429 1333 652 1404 Magnas
676 1332 812 1386 inter
835 1350 958 1401 opes
983 1331 1149 1402 inops.

292 1404 443 1457 Purae
467 1404 606 1457 rivus
634 1421 777 1474 aquae
802 1402 1031 1473 silvaque
1050 1401 1108 1474 ju
1147 1420 1293 1456 erum

288 1475 581 1530 Paucorum
609 1479 661 1529 et
686 1472 878 1545 segetis
905 1476 1046 1528 certa
1068 1473 1101 1528 fi
1140 1493 1194 1529 es
1221 1491 1346 1530 meae

289 1545 596 1616 Fulgentem
621 1544 836 1616 imperio
862 1543 1045 1599 fertilis
1071 1544 1259 1601 Afrieoe

427 1614 582 1669 Fallit
607 1625 748 1670 sorte
775 1615 987 1669 beatior.

288 1682 1497 1827 ssssffisssstssyssssssfflssssffi‘iilaalssssiffirsspffl

287 1826 609 1897 Languescit
633 1826 756 1880 mihi
781 1845 875 1882 nee
899 1827 1114 1898 pinguia
1137 1827 1347 1884 Gallicis

430 1897 687 1952 Crescunt
709 1896 899 1951 vellera
920 1896 1145 1969 pascuiS,

286 1968 597 2036 Importuna
618 1971 793 2022 tamen
815 1968 1086 2038 pauperies
1113 1966 1274 2032 abest,

287 2038 418 2103 Nec,
446 2040 488 2092 si
513 2036 663 2109 plura
687 2036 853 2104 velim,
881 2044 941 2092 tu
966 2037 1088 2091 dare
1113 2036 1351 2110 deneges.

290 2107 575 2164 Contraoto
601 2107 779 2162 melius
805 2126 961 2179 parva
984 2106 1225 2177 cupidine

428 2177 584 2233 Vecti
624 2176 721 2232 alia
741 2177 1014 2249 porrigam,

287 2248 457 2318 Quam
482 2249 529 2302 si
614 2246 849 2329 ygdoniis
873 2266 1088 2316 regnum
1115 2245 1348 2317 Alyattei

288 2317 496 2388 Campis
520 2324 831 2374 continuem.
906 2317 1081 2372 Multa
1104 2317 1400 2388 petentibus

287 2386 496 2444 Desunt
518 2386 706 2443 multa:
747 2386 876 2443 bene
900 2393 996 2453 est,
1025 2387 1109 2442 eui
1132 2386 1279 2444 Deus
1303 2386 1495 2445 obtulit

428 2458 607 2525 Parca,
634 2458 772 2531 quod
796 2458 923 2513 satis
947 2463 1045 2525 est,
1072 2477 1242 2513 manu.

1676 161 1743 210 69

1671 1479 1739 1533 30
