2031 2952
522 125 683 175 HOR.
719 124 925 174 CARM.
962 126 1035 175 ΙΙ.
1074 128 1120 184 1,
1156 129 1206 176 2.
1594 127 1660 175 33

357 242 427 296 Et
453 244 640 296 cuncta
662 244 917 296 terrarum
941 240 1156 296 subacta

424 312 622 367 Praeter
646 317 870 367 atrocem
898 312 1124 366 animum
1148 311 1372 368 Catonis,

290 382 433 437 Juno
459 392 512 437 et
536 382 768 438 Deorum
794 382 1028 454 quisquis
1056 382 1265 436 amicior

286 453 430 509 Afris
454 453 619 508 inulta
642 458 866 508 cesserat
891 453 1147 523 impotens

357 524 561 579 Tellure
584 523 839 580 victorum
862 530 1080 594 nepotes

425 594 655 652 Rettulit
680 595 885 649 inferias
910 595 943 649 J
948 592 1203 666 ugurthae.

284 665 413 735 Quis
438 684 544 720 non
566 666 756 720 Latino
782 665 1030 737 sanguine
1054 663 1296 737 pinguior

289 737 515 808 Campus
540 735 786 808 sepulcris
810 736 968 808 impia
1028 735 1171 790 roelia
1594 732 1663 787 30

357 807 605 862 Testatur
630 806 965 878 auditumque
1056 805 1165 861 edis

424 877 697 948 Hesperiae
722 878 949 932 sonitum
971 876 1173 931 ruinae?

288 946 397 1007 Qui
421 966 611 1019 gurges
636 952 727 1002 aut
753 967 866 1020 quae
888 947 1102 1002 flumina
1124 945 1357 1018 lugubris

285 1019 473 1090 Ignara
495 1018 654 1074 belli?
692 1018 830 1089 quod
855 1036 992 1072 mare
1014 1017 1234 1072 Dauniae

358 1088 484 1143 Non
509 1088 864 1144 decoloravere
889 1089 1093 1143 caedes?

427 1159 556 1228 Quae
581 1163 720 1214 caret
745 1177 835 1213 ora
859 1176 1040 1214 cruore
1064 1157 1268 1212 nostro?

238 1234 265 1250 ”
293 1228 394 1284 Sed
417 1248 482 1284 ne
506 1228 717 1296 relictis,
743 1229 902 1284 Musa
925 1246 1129 1300 procax,
1150 1227 1284 1298 jocis

291 1298 412 1354 Ceae
436 1303 686 1355 retractes
710 1317 923 1353 munera
947 1299 1140 1353 neniae:

359 1370 570 1425 Mecum
593 1370 812 1424 Dionaeo
837 1368 933 1423 sub
958 1373 1108 1423 antro

428 1440 616 1511 Quaere
640 1438 819 1495 modos
845 1438 1036 1496 leviore
1061 1439 1275 1512 plectro,
1596 1436 1667 1493 40

210 1597 519 1654 CARMEN
555 1598 783 1654 II.—AJ>
821 1616 868 1655 c.
895 1615 1240 1656 sumsrnm
1266 1614 1524 1656 cmsruu.

361 1718 593 1775 NULLus
616 1722 833 1802 argento
858 1718 1000 1775 color
1025 1724 1105 1776 est
1131 1720 1296 1776 avaris

360 1789 556 1846 Abdito
578 1795 747 1856 terris,
771 1790 972 1846 inimice
996 1791 1179 1848 lamnae

361 1859 544 1933 Crispe
570 1861 796 1927 Sallusti,
822 1861 923 1916 nisi
947 1866 1236 1935 temperato

572 1931 847 2003 Splendeat
872 1950 988 1988 usu.

359 2001 519 2057 Vivet
544 2006 758 2057 extento
782 2002 1086 2058 Proculeius
1112 2020 1242 2069 aev0,

358 2072 533 2127 Notus
555 2071 611 2127 in
634 2072 819 2127 fratres
844 2073 1001 2127 animi
1025 2073 1258 2144 paterni3

360 2141 520 2197 Illum
639 2147 664 2197 t
679 2144 702 2177 δ
726 2161 897 2215 penna
918 2147 1183 2200 metuente
1209 2141 1342 2199 solvi

620 2231 733 2268 ama
756 2221 1039 2286 superstes.

359 2282 546 2337 Latius
569 2302 754 2355 regnes
779 2283 987 2339 avidum
1011 2282 1266 2338 domando

363 2353 630 2425 Spiritum,
657 2372 809 2427 quam
834 2354 880 2409 si
901 2353 1122 2424 Libyam
1144 2352 1357 2408 remotis
1600 2355 1670 2410 10

361 2423 590 2480 Gadibus
609 2425 816 2496 jungas,
843 2430 898 2479 et
921 2429 1140 2497 uterque
1164 2424 1357 2479 Poenus

575 2496 778 2550 Serviat
803 2495 910 2550 uni.

364 2563 567 2621 Crescit
591 2565 733 2622 indul
770 2585 863 2620 ens
887 2564 986 2621 sibi
1010 2563 1152 2619 dirus
1178 2564 1419 2637 hydrops,

365 2634 482 2691 Nec
507 2635 648 2691 sitim
668 2655 734 2708 pe
776 2637 830 2703 't‚
858 2636 958 2691 nisi
981 2653 1140 2691 causa
1160 2635 1325 2690 morbi

777 2724 797 2751 b
823 2733 850 2761 a
897 2723 918 2760 t

145 2785 286 2824 non.
847 2722 896 2824 gi
