2031 2952
613 134 993 185 CARMINUM
1028 135 1120 183 IV.
1156 137 1301 183 2-4.
1689 138 1753 189 87

371 250 622 306 Romanae
643 248 833 306 fidicen
854 248 1006 321 lyrae:

445 319 596 392 Quod
623 319 763 393 spiro
788 323 843 375 et
866 320 1065 393 place0,
1089 317 1136 374 si
1158 318 1352 392 place0‚
1379 322 1526 375 tuum
1553 322 1650 375 esti

414 544 729 600 OARMEN
767 544 1014 599 IV.-An
1052 558 1254 599 mmm
1288 558 1507 597 ROMAM.

373 673 618 742 Quian
643 675 938 729 ministrum
960 672 1192 728 fulminis
1216 672 1407 738 alitem,

376 743 477 799 Cui
500 763 594 800 rex
617 746 848 801 Deorum
872 763 1088 816 regnum
1115 744 1171 799 in
1194 763 1315 800 aves
1339 760 1498 814 vagas

447 815 691 871 Permisit
716 819 964 888 expertus
988 814 1193 870 fidelem

518 886 727 959 Jupiter
750 887 806 941 in
831 885 1127 957 Ganymede
1150 886 1302 951 fiam,

374 955 512 1012 Olim
542 956 780 1011 'uventas
803 959 858 1011 et
880 957 1083 1028 patrius
1109 956 1256 1025 vigor

375 1026 520 1083 Nido
593 1027 776 1082 borum
801 1026 1031 1099 propulit
1054 1026 1289 1090 inscium,

444 1097 710 1170 Vernique
728 1098 834 1169 jam
859 1096 1049 1152 nimbis
1072 1097 1287 1152 remotis

520 1168 770 1224 Insolitos
795 1168 1017 1223 docuere
1042 1167 1190 1222 nisus

377 1237 544 1293 Venti
566 1244 858 1319 paventem,
886 1257 1006 1293 mox
1029 1238 1087 1292 in
1109 1236 1263 1292 ovilia

379 1308 606 1363 Demimt
628 1304 834 1364 hostem
857 1308 1065 1364 vividus
1088 1308 1331 1380 impetus,
1702 1307 1771 1361 10

449 1380 610 1436 Nunc
633 1380 689 1434 in
711 1380 1029 1435 reluctantes
1052 1378 1300 1434 dracones

523 1449 652 1523 Egit
676 1469 820 1506 amor
844 1449 991 1522 dapis
1017 1455 1175 1522 atque
1199 1466 1387 1523 pugnae

381 1519 664 1590 Qualemve
689 1521 822 1577 laetis
846 1539 1034 1592 caprea
1057 1521 1262 1593 pascuis

383 1592 601 1647 Intenta
618 1592 774 1648 fulvae
800 1591 977 1646 matris
1001 1592 1067 1646 ab
1090 1592 1251 1647 ubere

456 1661 489 1716 J
492 1680 575 1716 am
597 1662 732 1718 lacte
757 1661 1028 1733 depulsum
1053 1662 1256 1718 leonem

523 1733 700 1789 Dente
723 1751 858 1788 novo
919 1734 1117 1789 eritura
1137 1733 1299 1788 vidit:

384 1802 578 1858 Videre
600 1802 804 1859 Rhaetis
828 1752 964 1864 bella
987 1804 1085 1859 sub
1109 1803 1333 1885 Alpibus

385 1873 620 1930 Drusum
646 1878 913 1945 gerentem
935 1874 1228 1941 Vindeli013
1267 1875 1456 1946 quibus

454 1944 579 1999 Mos
604 1945 742 1999 unde
768 1944 1024 2000 deductus
1047 1965 1143 2017 per
1166 1964 1319 2001 omne

527 2015 753 2085 Tempus
777 2016 1059 2071 Amazonia
1084 2016 1254 2072 securi
1708 2017 1777 2070 20

386 2083 616 2141 Dextras
642 2086 890 2152 obarmet,
917 2105 1147 2158 quaerere
1173 2085 1381 2152 distuli3

388 2155 506 2212 Nec
531 2157 662 2212 scire
686 2156 765 2211 fas
790 2162 872 2212 est
896 2157 1104 2220 omnia;
1140 2155 1232 2211 sed
1257 2155 1349 2211 diu

458 2227 696 2298 Lateque
719 2227 962 2284 victrices
987 2232 1208 2283 catervae

531 2297 774 2353 Consiliis
792 2297 1001 2370 juvenis
1025 2298 1234 2353 revictae

393 2367 629 2435 Sensere,
655 2368 780 2440 quid
803 2386 949 2424 mens
972 2369 1090 2435 rite,
1117 2368 1243 2439 quid
1266 2367 1465 2425 indoles

390 2437 612 2494 Nutrita
633 2439 818 2494 faustis
844 2439 941 2494 sub
964 2438 1319 2511 penetralibus

462 2508 668 2575 Posset,
696 2509 820 2582 quid
843 2510 1074 2581 Augusti
1136 2515 1346 2566 aternus

537 2580 604 2635 In
626 2598 816 2649 pueros
841 2581 1042 2635 animus
1124 2599 1324 2636 erones.

395 2650 581 2706 Fortes
606 2655 848 2705 creantur
870 2651 1091 2706 sortibus
1116 2656 1171 2706 et
1195 2651 1372 2719 bonis3

398 2719 498 2776 Est
522 2722 580 2776 in
597 2720 852 2792 juvencis,
878 2726 960 2776 est
982 2722 1039 2777 in
1061 2722 1208 2793 equis
1232 2728 1439 2795 patrum
1712 2719 1782 2772 30
