2031 2952
543 162 826 214 EPODON
856 163 1066 214 GARM.
1097 165 1246 217 6-8.
1301 175 1307 181 ’

245 280 396 346 cave,
421 297 575 334 eave:
614 298 834 351 namque
856 279 912 335 in
934 278 1098 336 malos
1123 280 1434 353 asperrimus

314 351 504 405 Parata
523 350 652 405 tollo
677 358 883 419 comus„

244 419 425 490 Qualis
448 420 723 493 Lycambae
748 427 953 490 spretus
977 420 1135 479 infido
1158 440 1320 494 gener

311 494 423 546 Aut
447 510 564 546 acer
587 491 751 547 hostis
777 491 995 565 Bupalo.

235 562 344 627 An,
370 562 416 616 si
442 562 558 634 quis
584 566 697 617 atro
722 562 877 619 dente
902 582 983 618 me
1006 563 1266 635 petiverit,

311 632 521 689 Inultus
546 635 607 689 ut
630 634 763 689 flebo
789 635 955 706 puer?

432 812 747 869 CARMEN
785 812 1063 869 V11.—m
1099 830 1371 870 nonmos.

241 916 383 988 QUO,
409 935 511 988 quo
537 917 744 974 scelesti
766 917 957 974 ruitis?
995 921 1086 973 aut
1111 936 1206 975 eur
1230 917 1461 974 dexteris

312 990 580 1059 Aptantm·
604 1007 752 1043 enses
778 988 1009 1044 conditi?

244 1059 501 1114 Parumne
524 1077 635 1114 eam
671 1059 716 1114 is
741 1063 896 1131 atque
920 1060 1169 1141 Neptuno
1193 1077 1350 1132 super

311 1128 507 1185 Fusum
532 1133 613 1185 est
687 1129 814 1185 atini
838 1129 1142 1202 sanguinis?

243 1199 383 1268 Non,
408 1204 469 1255 ut
494 1199 741 1272 superbas
766 1199 953 1255 invidae
979 1200 1308 1271 Carthaginis

311 1270 579 1326 Romanus
604 1290 747 1326 arces
773 1276 960 1335 ureret,

239 1340 480 1397 Intaetus
505 1345 597 1395 aut
622 1341 906 1396 Britannus
930 1343 991 1395 ut
1017 1339 1350 1397 descenderet

315 1412 473 1468 Sacra
496 1415 765 1468 catenatus
790 1413 887 1478 via,

241 1482 347 1540 Sed
370 1488 432 1538 ut
457 1482 739 1538 seeundum
764 1488 887 1538 vota
910 1483 1224 1539 Parthorum
1249 1501 1345 1538 sua

310 1554 451 1610 Urbs
475 1554 584 1609 haeo
607 1554 800 1626 periret
825 1553 1054 1610 dextera.

239 1624 327 1681 Ne
363 1644 430 1680 ue
454 1624 538 1680 hie
561 1624 696 1707 lupis
720 1642 830 1680 mos
855 1643 949 1680 nec
973 1626 1076 1681 fuit
1099 1623 1335 1680 leonibus

368 1714 557 1767 nquam
581 1695 680 1750 msi
704 1696 760 1750 in
785 1695 957 1767 dispar
979 1697 1117 1751 feris.

242 1766 475 1821 Furorne
500 1783 683 1833 eaecus,
710 1785 777 1820 an
800 1767 936 1839 rapit
959 1768 1040 1822 vis
1065 1766 1266 1823 aerior?

309 1837 396 1891 An
419 1835 609 1908 eulpa?
650 1838 972 1908 Responsum
997 1837 1117 1893 date
1134 1839 1223 1892 !—

242 1907 439 1962 Tacent
464 1911 518 1962 et
543 1906 689 1963 albus
714 1925 804 1961 ora
827 1907 992 1979 pallor
1015 1908 1180 1963 inficit

311 1977 624 2048 Mentesque
648 1977 897 2048 perculsae
921 1981 1154 2047 stupent.

243 2047 329 2104 Sic
353 2053 463 2103 est:
506 2047 690 2103 acerba
712 2049 820 2102 fata
845 2050 1105 2104 Romanos
1130 2049 1291 2117 agunt
1359 2071 1370 2082 ·

315 2118 595 2190 Seelusque
618 2118 856 2173 fraternae
879 2119 1037 2183 neeiS‚

242 2189 321 2245 Ut
344 2189 659 2243 immerentis
684 2188 837 2243 fluxit
861 2188 916 2243 in
938 2193 1131 2245 terram
1152 2186 1307 2244 Remi

316 2259 471 2315 Sacer
494 2258 770 2331 nepotibus
794 2278 961 2316 eruor.

264 2431 580 2490 CARMEN
614 2431 915 2488 VEL-m
950 2446 1117 2486 mim
1151 2443 1533 2486 mmmosffl.

247 2533 485 2590 Rooum
508 2534 598 2590 lon
692 2534 923 2607 putidam
947 2537 1002 2590 te
1028 2532 1218 2600 secu10,

315 2604 471 2660 Vires
496 2607 585 2676 qui
644 2611 854 2661 enervet
879 2607 1059 2661 meas?

252 2675 419 2740 Quum
447 2675 516 2730 sit
539 2674 638 2731 tibi
661 2676 788 2731 dens
813 2681 923 2731 ater
947 2681 1000 2731 et
1025 2675 1168 2748 rugis
1192 2677 1342 2731 vetus

315 2743 564 2800 Frontem
586 2750 826 2802 senectus
849 2750 1044 2803 exaret.

184 2824 309 2870 Bon·
888 2832 912 2872 1

1586 165 1691 216 ,113

1627 1554 1698 1610 10

1628 2261 1699 2317 20
