2031 2952
268 164 371 213 212
919 159 1216 211 HORATII

266 274 499 358 Attingit
523 275 706 331 solium
732 276 769 331 J
770 274 881 332 ovis
906 279 958 330 et
984 274 1213 331 coelestia
1234 276 1405 330 tentat
1421 295 1439 330 t

266 346 594 419 Principibus
617 346 871 418 placuisse
894 345 1019 401 viris
1043 365 1148 401 non
1171 346 1352 401 ultima
1376 347 1487 401 laus
1512 347 1611 401 est.

267 418 392 474 Non
418 417 581 473 cuivis
605 417 800 472 homini
825 416 1080 488 contingit
1105 416 1243 471 adire
1270 417 1595 472 Corinthum.

269 488 429 553 Sedit,
456 488 544 560 qui
568 486 758 554 timuit,
784 507 849 543 ne
873 506 976 541 non
1003 487 1318 543 succederet.
1397 488 1528 542 Esto
1550 488 1562 541 Ξ

268 557 425 627 Quid,
454 558 542 629 qui
566 558 811 628 pervenit,
840 558 1026 613 fecitne
1050 558 1308 614 viriliter?
1346 552 1536 630 ¹Atqui

270 628 377 684 Hic
392 633 472 685 est
493 634 581 683 aut-
599 645 868 710 nusquam,
887 628 1028 700 quod
1045 629 1340 700 quaerimus.
1395 630 1501 684 Hic
1526 630 1655 683 onus
1673 627 1878 695 horret,

268 699 348 754 Ut
373 699 545 771 parvis
569 700 749 754 animis
773 705 826 753 et
851 718 1010 771 parvo
1035 718 1248 771 corpore
1276 696 1469 772 majus:
1800 704 1881 757 40

270 769 376 825 Hic
401 769 541 825 subit
566 774 620 825 et
646 770 854 840 perfert.
929 771 1041 824 Aut
1064 770 1231 825 virtus
1257 788 1442 825 nomen
1467 770 1617 824 inane
1645 773 1741 838 est,

268 841 382 895 Aut
409 839 564 895 decus
591 845 643 894 et
670 840 890 910 pretium
922 849 1059 895 recte
1083 840 1218 912 petit
1243 841 1512 912 experiens
1536 841 1631 896 vir.

272 911 456 966 Coram
485 928 607 982 rege
633 929 727 965 suo
754 910 817 965 de
842 930 941 983 pau
981 915 1149 966 ertate
1173 915 1404 966 tacentes

269 980 398 1036 Plus
423 985 668 1052 poscente
692 981 891 1048 ferent3
965 981 1103 1048 istat,
1133 1000 1371 1036 sumasne
1395 979 1668 1052 pudenter,

269 1052 356 1106 An
378 1051 561 1123 rapias,
635 1052 801 1122 Atqui
824 1071 995 1109 rerum
1023 1059 1177 1123 caput
1205 1052 1302 1107 hoc
1328 1057 1454 1118 erat,
1481 1051 1566 1107 hic
1593 1053 1723 1107 fons.

272 1127 305 1151 “
321 1122 566 1177 Indotata
592 1121 716 1176 mihi
743 1141 887 1177 soror
911 1127 1008 1189 est,
1037 1123 1350 1195 paupercula
1371 1126 1549 1187 mater,

269 1192 342 1248 Et
366 1191 558 1247 fundus
582 1210 677 1247 nec
701 1192 970 1247 vendibilis
995 1211 1091 1248 nec
1153 1211 1325 1248 ascere
1349 1193 1580 1260 firmus,’'

274 1262 382 1322 Qui
407 1261 549 1330 dicit,
574 1263 778 1330 clamat,
805 1262 1068 1319 “Victum
1129 1265 1264 1318 ate.’'
1339 1262 1571 1318 Succinit
1597 1261 1745 1329 alter,

275 1333 395 1389 “Et
422 1333 545 1387 mihi
572 1332 781 1389 dividuo
805 1333 1032 1389 findetur
1057 1352 1266 1389 munere
1291 1333 1536 1405 quadra.'?

274 1403 378 1458 Sed
403 1404 594 1459 tacitus
622 1404 762 1473 pasci
787 1402 831 1458 si
853 1408 1033 1476 posset
1056 1422 1256 1471 corvuS,
1282 1404 1494 1460 haberet
1796 1401 1877 1459 50

269 1473 400 1531 Plus
425 1472 570 1544 dapis
596 1479 651 1529 et
674 1474 799 1531 rixae
823 1475 987 1530 multo
1012 1474 1182 1531 minus
1206 1474 1528 1548 invidiaeque.

271 1543 604 1601 Brundisium
632 1564 804 1601 comes
829 1552 921 1601 aut
949 1547 1254 1602 Surrentum
1280 1546 1471 1602 ductus
1497 1564 1770 1611 amoenum,

270 1615 377 1685 Qui
401 1615 634 1686 queritur
660 1615 882 1672 salebra's
909 1621 963 1672 et
987 1617 1228 1673 acerbum
1254 1618 1422 1688 frigus
1447 1622 1500 1672 et
1524 1616 1729 1682 imbres,

271 1688 384 1741 Aut
408 1685 588 1741 cistam
615 1685 874 1742 effractam
903 1693 956 1742 et
982 1687 1240 1743 subducta
1263 1688 1452 1743 viatica
1474 1687 1662 1758 plorat,

272 1756 421 1812 Nota
444 1756 600 1811 refert
628 1758 906 1812 meretricis
932 1759 1183 1824 acumina,
1212 1777 1346 1839 saepe
1373 1757 1622 1826 catellam,

274 1828 354 1883 Sae
392 1846 421 1883 e
445 1825 795 1898 periscelidem
822 1832 1022 1899 raptam
1048 1828 1148 1884 sibi
1169 1830 1358 1894 flent1S,
1385 1828 1466 1883 uti
1488 1847 1611 1884 mox

272 1898 325 1954 N
389 1898 438 1953 la
461 1898 588 1953 fides
614 1897 811 1953 damnis
835 1898 1075 1969 verisque
1101 1898 1362 1954 doloribus
1388 1898 1539 1954 adsit.

272 1969 393 2025 Nec
417 1969 575 2026 semel
599 1968 778 2028 irrisus
804 1969 971 2025 triviis
997 1969 1237 2025 attollere
1262 1974 1410 2025 curat

272 2039 463 2107 Fracto
489 2059 636 2096 crure
661 2042 890 2113 planum,
918 2040 1039 2097 licet
1064 2040 1140 2095 illi
1164 2040 1383 2112 plurima
1407 2042 1582 2094 manet

272 2107 529 2177 Lacrima,
558 2129 649 2183 per
674 2119 909 2167 sanctum
928 2111 1138 2184 juratus
1162 2110 1300 2167 dicat
1325 2110 1533 2176 Osirim,
1805 2109 1882 2165 60

276 2185 310 2210 “
328 2180 553 2247 Credite,
580 2200 686 2237 non
707 2181 863 2250 lud03
903 2181 1155 2248 crudeles,
1183 2180 1350 2237 tollite
1375 2179 1612 2237 claudum
1630 2179 1687 2234 ;”

278 2255 312 2282 “
327 2250 512 2322 Quoere
536 2251 919 2325 peregrinum‚”
943 2253 1134 2310 vicinia
1157 2270 1314 2309 rauca
1333 2251 1595 2308 reclamat.

457 2441 461 2446 ”
553 2430 910 2488 EPISTOLA
944 2431 1310 2487 XVIII.—An
1346 2445 1609 2486 Lounm.

274 2535 347 2596 ‘81
370 2539 500 2597 bene
523 2545 577 2598 te
600 2544 738 2610 novi,
766 2548 980 2610 metues„
1007 2542 1263 2599 liberrime
1286 2541 1439 2608 Lolli,

285 2612 578 2668 Scurrantis
603 2615 824 2687 speciem
849 2614 1093 2686 proebere,
1120 2614 1384 2685 professus
1409 2611 1649 2667 amicum.

286 2680 366 2735 Ut
390 2688 627 2737 matrona
648 2685 905 2739 meretrici
931 2684 1106 2764 dispar
1129 2684 1228 2738 erit
1251 2687 1407 2754 atque

287 2749 543 2820 Discolor,
571 2753 728 2809 infido
755 2773 945 2809 scurroe
971 2752 1185 2808 distabit
1209 2753 1420 2808 amicuS.
