2031 2952
268 119 372 171 126
920 119 1216 172 HORATII

270 235 400 291 Tam
423 234 623 292 facilem
649 235 802 306 dicat,
827 239 965 295 votis
990 243 1053 295 ut
1075 242 1300 313 praebeat
1324 246 1539 304 aurem?

270 305 546 373 Praeterea,
571 324 637 362 ne
667 307 757 374 sic,
784 313 845 364 ut
869 312 959 381 qui
978 310 1244 382 jocularia,
1270 315 1443 372 ridens

271 377 611 458 Percurram:
636 408 709 420 —
732 398 1036 453 quamquam
1063 383 1315 441 ridentem
1341 387 1510 443 dicere
1532 399 1715 444 verum

273 446 411 523 Quid
435 449 621 504 vetat?
659 454 721 504 ut
747 451 918 520 pueris
945 452 1067 508 olim
1094 453 1217 511 dant
1242 457 1474 513 crustula
1496 457 1669 516 blandi

271 518 541 584 Doctores„
572 519 825 576 elementa
849 522 1010 578 velint
1035 528 1095 580 ut
1120 525 1316 584 discere
1376 529 1504 587 rima
1517 551 1607 598 3-

273 588 375 643 Sed
399 594 571 644 tamen
596 596 769 646 amoto
796 615 1082 668 quaeramus
1107 598 1240 654 seria
1264 598 1314 652 lu
1353 617 1400 654 o.

270 659 369 714 Ille
394 678 604 730 gravem
630 661 760 716 duro
786 670 974 721 terram
1003 669 1093 740 qui
1117 668 1272 723 vertit
1296 674 1485 737 aratr0‚

269 728 507 786 Perfidus
532 730 618 787 hic
649 756 829 809 caupo,
853 738 999 794 miles
1015 748 1037 771 ²
1062 744 1350 812 nautaeque,
1377 760 1470 813 per
1493 757 1643 796 omne

270 799 510 857 Audaces
544 826 684 864 mare
709 809 799 880 qui
823 814 1055 876 currunt,
1083 810 1178 866 hac
1201 817 1372 867 mente
1397 811 1621 868 laborem
1804 809 1880 864 30·

274 872 399 929 Sese
434 877 584 945 ferre,
614 897 762 935 senes
787 889 848 934 ut
872 880 925 934 in
949 881 1058 935 otia
1080 885 1198 936 tuta
1216 880 1476 950 recedant,

277 948 458 1018 Aiunt,
488 971 644 1024 quum
673 949 771 1007 sibi
795 951 899 1007 sint
924 955 1173 1024 congesta
1194 952 1410 1009 cibaria:
1450 953 1586 1009 sicut

276 1017 516 1089 Parvula,
544 1044 661 1079 nam
687 1024 924 1096 exemplo
947 1028 1045 1090 est,
1072 1023 1241 1096 magni
1266 1023 1477 1079 formica
1499 1022 1689 1080 laboris

273 1090 379 1148 Ore
412 1094 571 1150 trahit
598 1096 939 1169 quodcunque
964 1099 1141 1165 potest
1166 1099 1323 1165 atque
1347 1093 1488 1149 addit
1513 1112 1713 1159 acerv0‚

273 1163 445 1232 Quem
477 1166 650 1234 struit,
676 1168 812 1222 haud
836 1168 1013 1239 ignara
1040 1184 1099 1222 ac
1123 1185 1228 1221 non
1250 1165 1459 1220 incauta
1478 1165 1661 1220 futuri.

274 1233 418 1302 Quae,
454 1237 607 1293 simul
629 1237 888 1294 inversum
914 1237 1190 1294 contristat
1214 1236 1472 1307 Aquarius
1498 1253 1704 1345 augum,
1803 1260 1865 1329 ‘7‘

272 1303 398 1360 Non
429 1328 644 1380 usquam
670 1309 897 1381 121anss
921 1314 975 1364 et
999 1308 1100 1362 illis
1123 1306 1290 1362 utitur
1314 1311 1435 1362 ante
1462 1311 1518 1351 w
1699 1280 1812 1381 [⁶¹³
1840 1315 1866 1337 ν

283 1377 527 1446 Quaesitis
554 1381 756 1452 sapiens
776 1381 805 1447 f,
833 1384 1071 1453 quumte
1095 1397 1264 1461 neque
1288 1377 1514 1434 fervidus
1539 1379 1699 1433 aestus

279 1447 569 1507 Demoveat
595 1450 752 1517 lucr0,
781 1470 946 1524 neque
970 1449 1148 1516 hiems,
1174 1450 1325 1523 ignia,
1351 1467 1507 1517 mare,
1533 1448 1740 1517 serrum,

281 1520 375 1576 Nil
400 1521 572 1578 obstet
598 1521 709 1588 tibi,
738 1522 859 1578 dum
884 1542 950 1578 ne
975 1521 1045 1576 sit
1069 1526 1125 1577 te
1150 1520 1305 1576 ditior
1329 1521 1474 1576 alter.
1802 1516 1874 1571 40

280 1589 421 1659 Quid
442 1593 592 1663 juvat
617 1593 918 1648 immensum
942 1598 996 1648 te
1024 1593 1224 1663 argenti
1246 1592 1448 1662 pondus
1472 1595 1526 1647 et
1551 1588 1663 1645 auri

277 1659 482 1717 Furtim
508 1661 712 1719 defossa
733 1663 969 1718 timidum
995 1663 1250 1734 deponere
1273 1662 1450 1718 terra?

279 1734 316 1761 “
333 1732 489 1803 Quod
514 1733 560 1788 si
584 1734 912 1800 comminuaS,
940 1733 1096 1788 vilem
1121 1732 1385 1803 redigatur
1410 1731 1475 1787 ad
1498 1732 1718 1787 assem.''

276 1802 369 1869 At,
398 1804 452 1859 ni
473 1803 527 1859 id
552 1804 626 1870 fit,
654 1803 777 1875 quid
800 1803 955 1860 habet
979 1802 1183 1875 pulchri
1206 1809 1535 1858 constructus
1559 1819 1774 1858 acervus
1797 1800 1818 1855 'l

277 1872 430 1930 Milia
452 1875 697 1930 frumenti
718 1880 812 1931 tua
834 1874 1036 1930 triverit
1061 1892 1179 1929 area
1202 1878 1426 1937 centum,

270 1943 405 2001 -Non
428 1949 554 2000 tuus
577 1945 675 2002 hoc
700 1945 867 2018 capiet
892 1950 1074 2001 venter
1098 1944 1214 2017 plus
1239 1963 1298 1999 ac
1320 1962 1500 2000 meus:
1539 1947 1602 1998 ut
1626 1943 1672 1999 si

277 2012 580 2072 Reticulum
606 2018 752 2086 panis
775 2016 980 2072 venales
1005 2016 1142 2071 inter
1167 2020 1355 2070 onusto

276 2084 436 2143 Forte
458 2086 617 2143 vehas
641 2086 873 2153 humero,
898 2086 1058 2143 nihilo
1082 2086 1199 2157 plus
1225 2085 1444 2158 accipias
1468 2104 1622 2158 quam

277 2156 389 2217 Qui
410 2157 485 2213 nil
507 2159 743 2231 portarit.
813 2158 915 2213 Vel
939 2157 1038 2225 dic,
1065 2156 1191 2229 quid
1212 2157 1403 2213 referat
1426 2157 1566 2213 intra

275 2227 494 2285 Naturae
523 2229 647 2285 fines
672 2229 882 2297 viventi,
903 2229 1091 2302 jugera
1113 2234 1322 2285 centum
1344 2248 1411 2284 an
1800 2227 1866 2281 50

275 2297 425 2355 Mille
450 2300 605 2356 aret?
669 2306 703 2329 “
716 2303 790 2356 At
815 2319 973 2356 suave
997 2305 1079 2356 est
1104 2318 1170 2355 ex
1193 2318 1379 2371 magno
1402 2298 1585 2354 tollere
1610 2296 1841 2352 acervo.''

275 2368 418 2424 Dum
442 2389 508 2426 ex
534 2389 694 2441 parvo
718 2372 866 2428 nobis
890 2371 1199 2428 tantundem
1223 2370 1427 2427 haurire
1453 2369 1727 2441 relinquaS,

275 2438 385 2494 Cur
407 2444 502 2497 tua
523 2440 643 2524 plus
666 2442 844 2499 laudes
869 2443 1089 2499 cumeris
1113 2443 1349 2517 granaria
1371 2441 1610 2498 nostris?

273 2510 353 2565 Ut
379 2510 473 2568 tibi
499 2530 546 2567 s1
568 2512 637 2569 sit
662 2532 793 2585 opus
818 2513 997 2587 liquidi
1024 2534 1128 2571 non
1151 2513 1368 2586 amplius
1392 2531 1538 2580 urna,

272 2578 377 2637 Vel
401 2581 603 2653 cyath0‚
631 2588 685 2639 et
711 2584 865 2653 dicas,
895 2591 929 2615 ‘⁴
948 2586 1148 2656 Magno
1173 2585 1239 2640 de
1261 2585 1473 2640 flumine
1498 2582 1698 2639 mallem

269 2649 436 2724 Quam
463 2671 526 2708 ex
551 2651 648 2709 hoc
672 2654 923 2712 fonticulo
946 2656 1254 2713 tantundem
1278 2657 1533 2713 sumere.”
1607 2654 1688 2708 Eo
1715 2651 1787 2717 fit,
1831 2709 1838 2717 ,

417 2758 436 2778 ·
460 2747 1093 2803 Praefldushiccampomiles;
1509 2751 1719 2802 ‘pauens
