2031 2952
668 143 1158 196 EPISTOLARUM
1191 143 1264 195 11.
1299 145 1348 196 1.
1709 145 1808 195 221

219 260 441 320 Plautus
465 262 530 320 ad
553 265 813 337 exemplar
837 263 997 320 Siculi
1056 236 1293 336 roperare
1315 262 1625 334 Epicharmi,

218 333 444 391 Vincere
470 335 707 392 Caecilius
732 336 1000 405 gravitate,
1072 335 1304 391 orentius
1328 340 1456 392 arte.
1659 344 1662 348 “

217 405 338 461 Hos
362 406 541 462 ediscit
570 410 623 462 et
647 407 741 461 hos
767 410 879 461 arto
903 405 1094 468 stipata
1116 406 1319 461 theatro
1588 398 1592 403 ⁴
1742 406 1811 460 60

224 476 437 548 Spectat
464 478 631 531 Roma
653 481 836 549 potens
858 499 871 544 ;
908 475 1065 532 habet
1089 476 1185 531 hos
1210 479 1546 549 numeratque
1569 478 1751 548 poetas

218 546 307 601 Ad
329 552 562 603 nostrum
588 552 794 619 tempus
818 546 939 602 Livi
963 546 1230 618 scriptoris
1256 547 1319 603 ab
1343 566 1470 606 aevn.
1758 578 1873 666 a:

198 615 495 742 interdum
519 618 709 701 {tulgus
733 623 932 674 rectum
955 617 1114 683 videt,
1142 617 1338 703 estnubi
1362 622 1557 690 peccat.

222 715 241 741 ι
261 705 279 741 1
304 692 505 744 veteres
530 693 602 744 ita
624 692 838 744 m1ratur
861 688 1138 759 laudatque
1161 695 1359 760 poetaS,

222 757 302 814 Ut
327 758 453 814 nihil
477 760 744 825 anteferat,
771 759 899 814 nihil
921 758 1021 814 illis
1046 764 1339 831 comparet3
1376 762 1545 815 errat:

226 830 282 883 Si
307 829 537 900 quaedam
564 830 714 885 nimis
739 830 966 902 antique,
995 829 1041 885 si
1065 829 1306 902 pleraque
1330 829 1460 886 dure

212 899 411 959 Dicere
435 900 598 957 credit
623 919 727 967 eoa,
754 901 774 955 i
849 919 942 956 ave
966 899 1131 956 multa
1153 901 1358 966 fatetur,

222 969 298 1024 Et
322 970 458 1041 sapit
480 975 533 1026 et
558 990 756 1027 mecum
804 971 905 1026 acit
929 976 983 1027 et
1007 972 1140 1027 Jove
1159 971 1358 1042 judicat
1382 989 1547 1042 aequo,

220 1040 349 1095 Non
371 1041 608 1113 equidem
631 1042 857 1098 insector
879 1041 1197 1113 delendaque
1222 1043 1446 1097 carmina
1467 1039 1588 1098 Livi

221 1109 353 1166 Esse
376 1130 508 1178 reor,
536 1113 742 1168 memini
765 1131 880 1185 quae
903 1113 1176 1184 plagosum
1199 1113 1323 1167 mihi
1348 1131 1507 1186 parvo

223 1181 474 1237 Orbilium
501 1182 722 1250 dictare;
759 1183 850 1238 sed
874 1183 1145 1244 emendata
1167 1182 1331 1238 videri

221 1251 624 1324 Pulchraqueet
648 1254 812 1309 exact'
922 1254 1130 1308 'nimum
1157 1253 1402 1310 distantia
1424 1253 1581 1309 miror
1593 1180 2031 1385 ww

224 1323 370 1378 Inter
393 1342 508 1395 quae
530 1322 976 1380 verbfflrnicuit
998 1343 1045 1379 s1
1067 1316 1206 1379 {offe
1230 1314 1487 1392 decorum,
1513 1330 1568 1380 et

223 1393 281 1448 Si
303 1412 484 1449 versus
508 1393 682 1466 paullo
706 1394 1003 1450 concinnior
1025 1404 1162 1449 unus
1186 1400 1240 1449 et
1264 1395 1410 1461 alter,

221 1462 427 1537 Injuste
451 1469 621 1521 totum
646 1465 789 1522 ducit
812 1464 1092 1538 venditque
1115 1469 1315 1537 poema.
1910 1529 1916 1536 .

221 1534 473 1607 Indignor
497 1536 616 1608 quid
656 1556 771 1592 uam
796 1534 1117 1607 reprehendi,
1143 1554 1247 1591 non
1271 1536 1392 1609 quia
1414 1553 1587 1593 crasse

222 1606 578 1678 Compositum
602 1607 636 1661 il
658 1606 870 1679 epideve
895 1612 1124 1678 putetur,
1151 1606 1244 1662 sed
1266 1607 1386 1679 quia
1407 1626 1603 1679 nuper3

220 1675 340 1731 Nec
362 1677 567 1751 veniam
587 1677 827 1749 antiquis,
855 1677 948 1733 sed
970 1678 1216 1733 honorem
1239 1683 1294 1733 et
1317 1680 1526 1749 praemia
1548 1641 2031 1749 posoiostmm

221 1744 390 1802 Recte
413 1766 576 1803 necne
600 1767 804 1804 crocum
829 1748 1081 1821 floresque
1109 1748 1424 1818 perambulet
1450 1750 1591 1804 Attae

220 1816 420 1874 Fabula
442 1819 487 1873 si
510 1818 758 1884 dubitem,
784 1819 1004 1874 clament
1030 1818 1242 1889 periisse
1264 1818 1514 1890 pudorem
1741 1820 1808 1874 80

223 1888 410 1943 Cuncti
433 1907 577 1959 paene
602 1895 790 1955 patreS,
817 1908 878 1944 ea
899 1908 1059 1959 quum
1084 1888 1454 1960 reprehendere
1478 1905 1650 1955 coner,

175 2023 178 2026 η
222 1958 350 2022 Quae
374 1960 546 2031 gravis
570 1960 815 2031 AEsopus,
840 1978 955 2040 quae
980 1959 1164 2015 doctus
1188 1959 1414 2014 Roscius
1439 1959 1577 2029 egit:

220 2027 324 2082 Vel
348 2029 466 2101 quia
488 2030 562 2085 nil
585 2036 800 2095 rectum,
827 2029 928 2085 nisi
951 2030 1090 2101 quod
1113 2029 1306 2102 placuit
1331 2028 1446 2096 sibi,
1473 2029 1688 2096 ducunt,

221 2097 323 2152 Vel
347 2100 467 2171 quia
488 2105 640 2167 turpe
664 2104 850 2172 putant
875 2118 1054 2169 parere
1077 2098 1356 2154 minoribus
1381 2104 1435 2155 et
1461 2117 1576 2171 quae

220 2168 487 2225 Imberbes
512 2170 750 2237 didicere,
778 2189 926 2226 senes
951 2169 1209 2242 perdenda
1231 2168 1396 2224 fateri.

220 2237 255 2291 J
257 2258 338 2293 am
365 2240 555 2297 Saliare
580 2242 767 2297 Numae
790 2259 994 2296 carmen
1019 2240 1108 2312 qui
1128 2239 1305 2295 laudat
1327 2243 1382 2295 et
1405 2238 1548 2305 illud,

222 2308 380 2368 Quod
403 2330 604 2367 mecum
629 2313 848 2383 ignorat,
874 2310 1015 2366 solus
1040 2310 1153 2366 vult
1177 2310 1310 2366 scire
1333 2309 1512 2377 videri,

222 2378 451 2450 Ingeniis
474 2401 580 2437 non
602 2382 687 2438 ille
711 2383 850 2437 favet
876 2380 1174 2453 plauditque
1200 2380 1432 2453 sepultis,

221 2448 421 2506 Nostra
444 2452 534 2507 sed
556 2453 840 2524 impugnat,
865 2469 961 2506 nos
985 2458 1266 2524 nostraque
1289 2451 1478 2507 lividus
1505 2450 1632 2507 odit.

219 2520 374 2588 Quod
399 2522 444 2577 si
467 2529 575 2577 tam
601 2522 793 2578 Graecis
817 2522 1020 2577 novitas
1045 2522 1211 2577 invisa
1233 2522 1419 2577 fuisset
1738 2522 1808 2577 90

220 2591 387 2661 Quam
413 2593 578 2659 nobis,
605 2592 728 2665 quid
752 2610 889 2648 nunc
913 2597 1053 2649 esset
1076 2593 1268 2648 vetus?
1304 2598 1394 2648 aut
1419 2592 1542 2665 quid
1575 2591 1807 2659 haberet,

221 2661 374 2731 Quod
395 2664 593 2736 legeret
616 2668 910 2735 tereretque
933 2663 1125 2718 viritim
1149 2663 1388 2735 publicus
1410 2665 1578 2721 usus?

221 2731 298 2789 Ut
324 2734 543 2806 primum
568 2733 749 2806 positis
772 2735 957 2804 nugari
982 2733 1179 2791 Graecia
1200 2733 1347 2791 bellis
