2031 2952
965 96 1260 151 HORATII

534 218 751 291 Fugerit
775 217 918 273 venis
943 220 997 272 et
1022 218 1246 288 aquosus
1270 215 1386 269 albo

746 289 973 358 Corpore
997 288 1233 357 languor.
1377 294 1387 323 ·'

533 358 818 415 Redditum
843 357 967 429 Cyri
992 357 1119 412 solio
1145 357 1407 411 Phraaten

533 429 804 485 Dissidens
829 427 980 500 plebi,
1007 446 1222 482 numero
1246 427 1518 492 beatorum

534 501 729 556 Eximit
753 499 937 553 Virtus
962 497 1309 569 populumque
1334 497 1477 553 salsis

743 569 981 624 Dedoeet
1006 569 1089 622 uti

531 640 779 706 Vocibus,
806 658 1023 720 regnum
1046 642 1100 693 et
1125 637 1357 693 diadema
1379 640 1556 692 tutum

531 711 783 767 Deferens
807 728 897 763 um
921 709 1280 781 propriamque
1305 708 1521 775 laurum,

536 781 785 854 Quisquis
810 780 1045 849 ingentes
1070 780 1219 834 oculo
1245 780 1486 834 irretorto

743 852 954 923 Spectat
978 869 1203 907 acervos
1252 854 1272 868 ⁸

653 1121 964 1176 CARMEN
1002 1121 1259 1175 ΙΙΙ-ΑΙ)
1295 1137 1569 1177 nmmum.

459 1256 691 1314 AEQUAM
714 1257 968 1309 memento
992 1253 1147 1308 rebus
1174 1252 1228 1306 in
1252 1251 1425 1307 arduis

461 1327 674 1381 Servare
696 1330 935 1390 mentem,
961 1342 1066 1378 non
1091 1341 1240 1377 secus
1264 1323 1319 1377 in
1345 1321 1492 1378 bonis

479 1424 484 1431 ·
507 1396 612 1451 -Ab
635 1396 877 1450 insolenti
902 1398 1236 1464 temperatam

597 1467 819 1532 Laetitia,
849 1465 1097 1521 moriture
1123 1463 1274 1529 Delli,

463 1538 568 1593 Seu
590 1542 798 1593 maestus
823 1537 960 1591 omni
984 1540 1216 1606 tempore
1241 1533 1448 1599 vixeriS‚

463 1609 569 1664 Seu
591 1613 645 1662 te
669 1608 725 1662 in
747 1613 943 1662 remoto
969 1606 1197 1677 gramine
1222 1624 1313 1677 per
1340 1604 1448 1659 dies

530 1679 714 1733 Festos
738 1678 1042 1733 reclinatum
1066 1676 1232 1730 bearis

558 1796 563 1801 .
601 1748 852 1803 Interiore
876 1752 1000 1802 nota
1026 1746 1243 1801 Falerni.

349 1835 360 1851 ·
461 1819 580 1889 Quo
595 1828 614 1852 ⁶
638 1819 791 1891 pinus
815 1819 996 1889 ingens
1023 1817 1236 1888 albaque
1255 1815 1484 1898 populus

457 1888 709 1947 Umbram
734 1889 1037 1961 hospitalem
1063 1906 1356 1943 consociare
1381 1887 1552 1942 amant
1609 1911 1618 1914 -

524 1960 744 2016 Ramis?
784 1959 928 2020 Quid
950 1959 1160 2030 obliquo
1185 1958 1385 2013 laborat

597 2030 827 2112 Lympha
850 2031 1008 2100 fugax
1032 2028 1290 2100 trepidare
1314 2029 1424 2083 rivo
1440 2029 1462 2060 ‘¹
1483 2028 1505 2082 ?

461 2102 584 2156 Huc
608 2120 728 2156 vina
751 2105 804 2155 et
828 2105 1094 2170 unguenta
1117 2104 1172 2153 et
1196 2100 1410 2154 nimium
1437 2099 1617 2154 breves

458 2171 637 2227 Flores
662 2189 871 2227 amoenae
895 2172 1028 2225 ferre
1047 2169 1171 2241 jube
1195 2188 1339 2234 rosae,

528 2242 671 2296 Dum
694 2260 776 2297 res
800 2247 853 2296 et
880 2246 1003 2297 aetas
1030 2246 1082 2295 et
1110 2242 1354 2295 Sororum

605 2312 717 2366 Fila
739 2312 897 2366 trium
922 2312 1192 2384 patiuntur
1217 2318 1343 2364 atra.

352 2415 357 2420 ·
460 2382 630 2438 Cedes
655 2383 903 2453 coemptis
928 2382 1145 2437 saltibus
1171 2385 1223 2436 et
1250 2380 1398 2435 domo

457 2452 712 2576 ἯΠἛΠΕ,
738 2453 901 2506 flavus
927 2471 1078 2523 quam
1102 2451 1298 2506 Tiberis
1323 2449 1466 2516 lavit,

528 2524 599 2578 Ge
635 2541 706 2588 eS‚
734 2526 786 2576 et
812 2521 1092 2578 exstructis
1116 2522 1170 2574 in
1193 2522 1353 2576 altum

601 2591 813 2647 Divitiis
837 2592 1066 2663 potietur
1092 2592 1254 2645 heres.

528 2700 626 2744 Qua
1064 2694 1086 2723 ἀ
1109 2696 1256 2744 ramis,
1276 2697 1320 2734 et
1337 2706 1374 2735 ο.
1396 2694 1426 2733 1.
1446 2694 1496 2732 L.
1516 2692 1546 2732 f.
1566 2694 1599 2733 t.
1616 2690 1727 2735 rivo.

1842 569 1918 623 20

1838 1884 1918 1940 10

1847 2588 1929 2644 20
