2031 2952
592 145 974 196 CARMmUM
1011 146 1118 194 111.
1153 150 1201 204 3,
1238 149 1287 195 4.

349 258 627 314 Horrenda
648 258 755 315 late
777 276 965 314 nomen
989 259 1043 314 in
1067 259 1275 316 ultimas

348 329 614 385 Extendat
638 347 768 395 orae,
798 349 900 401 qua
924 329 1123 385 medius
1147 330 1318 402 liquor

424 401 659 456 Secernit
683 401 931 473 Europen
954 400 1020 456 ab
1045 401 1190 466 Afro,

494 471 612 540 Qua
634 471 863 527 tumidus
889 471 1027 541 rigat
1053 491 1176 528 arva
1200 471 1372 537 Nilus,

358 545 556 596 Aurum
580 542 887 614 irrepertum
912 548 966 597 et
991 543 1069 598 sic
1092 542 1274 614 melius
1300 544 1460 598 situm

348 613 523 683 Quum
544 617 682 668 terra
705 612 855 679 celat,
881 632 1125 685 spernere
1149 613 1333 668 fortior

421 684 589 753 Quam
614 701 799 755 cogere
824 683 1077 740 humanos
1102 684 1158 737 in
1181 703 1308 740 usus

494 754 660 809 Omne
686 772 890 810 sacrum
913 756 1147 826 rapiente
1173 755 1370 810 dextra.

355 822 664 897 Quicunque
690 824 884 880 mundo
908 827 1162 882 terminus
1190 825 1410 893 obstitit,

352 895 514 951 Hunc
535 900 718 967 tanget
743 896 915 961 armiS,
941 897 1108 951 visere
1135 897 1381 967 gestiens,

420 966 539 1035 Qua
561 972 708 1036 parte
734 965 1117 1023 debacchentur
1141 969 1306 1038 ignes,

490 1036 609 1105 Qua
632 1036 836 1093 nebulae
860 1036 1123 1108 pluviique
1146 1056 1305 1093 rores.

352 1106 456 1162 Sed
478 1106 733 1164 bellicosis
764 1108 869 1162 fata
891 1108 1183 1190 Quiritibus

348 1179 467 1234 Hac
491 1177 606 1251 lege
630 1178 763 1245 dieo,
790 1197 857 1234 ne
881 1178 1096 1233 mmium
1122 1178 1194 1251 pii

419 1248 702 1321 Rebusque
729 1249 947 1305 fidentes
971 1249 1123 1304 avitae

483 1320 646 1376 Tecta
666 1319 831 1376 velint
854 1338 1093 1391 reparare
1116 1319 1297 1391 Trojae.

349 1391 516 1462 Trojae
543 1409 816 1447 renascens
842 1390 965 1446 alite
989 1389 1200 1460 lugubri

348 1461 584 1518 Fortuna
607 1461 749 1518 tristi
773 1460 917 1518 clade
941 1461 1230 1528 iterabitur,

418 1532 662 1589 Ducente
687 1533 927 1589 victrices
952 1537 1187 1588 catervas

491 1604 727 1675 Conjuge
753 1622 834 1659 me
858 1604 1005 1660 Jovis
1031 1608 1085 1659 et
1111 1621 1302 1659 sorore.

349 1674 452 1730 Ter
477 1675 521 1729 si
543 1679 782 1747 resurgat
808 1694 984 1730 murus
1010 1679 1199 1729 aeneus

348 1747 581 1801 Auctore
603 1746 817 1811 Phoebo,
843 1750 926 1801 ter
949 1751 1126 1818 pereat
1153 1744 1279 1800 meis

416 1815 641 1872 Excisus
664 1816 893 1887 Argivis,
921 1824 1003 1871 ter
1028 1834 1160 1871 uxor

484 1887 654 1960 Capta
676 1888 845 1942 virum
870 1905 1163 1959 puerosque
1186 1885 1371 1958 ploret.

345 1956 474 2012 Non
495 1957 594 2013 hoc
613 1961 809 2027 jocosae
834 1958 1108 2013 conveniet
1123 1967 1145 1990 ⁸
1167 1955 1321 2029 lyrae:

343 2028 477 2097 Qu0,
503 2026 677 2096 Musa,
704 2027 915 2084 tendis?
992 2027 1185 2083 Desine
1210 2024 1450 2098 pervicax

414 2098 632 2154 Referre
657 2117 919 2155 sermones
945 2099 1176 2154 Deorum
1202 2101 1256 2152 et

483 2170 682 2240 Magna
705 2169 870 2225 modis
895 2173 1113 2225 tenuare
1137 2166 1327 2240 parvis.

451 2322 767 2378 CARMEN
807 2322 1059 2378 IV.—An
1098 2336 1422 2376 CALLIOPEN.

338 2424 648 2482 Descmmss
675 2425 803 2483 coelo
829 2431 883 2482 et
909 2426 991 2482 dic
1017 2444 1111 2498 age
1136 2424 1266 2482 tibia

345 2495 552 2569 Regina
573 2498 788 2569 longum
816 2497 1043 2578 Calliope
1069 2495 1246 2565 melos,

415 2569 518 2624 Seu
542 2587 671 2624 voce
695 2586 834 2623 nune
860 2586 1021 2622 mavis
1047 2571 1212 2633 acuta,

478 2640 585 2696 Seu
607 2637 797 2694 fidibus
823 2638 1122 2710 citharaque
1147 2636 1347 2693 Phoebi.

687 2751 704 2769 ·
730 2741 828 2781 hoeo
842 2739 878 2789 J.
899 2740 1169 2782 conveniunt

1680 151 1746 199 55

1659 615 1728 669 50

1651 1319 1718 1373 60

1658 2024 1730 2084 70
