2031 2952
697 91 876 178 noa.
911 127 1050 178 SAT.
1086 127 1161 179 11.
1195 131 1243 179 1.
1679 133 1806 190 157·-

184 239 372 310 “Quid
397 241 621 298 faciam?
696 241 862 298 Saltat
886 242 1155 310 Milonius,
1179 245 1241 299 ut
1266 241 1425 300 semel
1447 243 1554 302 icto

177 312 422 368 Accessit
445 313 618 368 fervor
640 313 801 383 capiti
823 333 1170 385 numerusque
1195 315 1435 370 lucernis.

179 382 372 437 Castor
396 383 588 454 gaudet
613 385 790 455 equis;
829 403 927 439 ovo
952 390 1236 458 prognatus
1261 384 1442 440 eodem

179 452 264 506 Pu
340 454 414 520 is;
488 460 578 509 uot
604 474 664 511 ca
700 455 831 510 itum
856 455 1054 523 vivunt,
1077 455 1295 511 totidem
1322 455 1612 512 studiorum

177 522 278 577 Mil
304 523 364 604 [a.
437 473 529 580 ἦε
554 475 768 595 pedibus
794 525 1015 581 delectat
1041 526 1278 582 claudere
1304 527 1461 583 verba

179 592 357 649 Lucili
380 595 486 649 ritu
510 596 744 650 nostrum
769 596 991 651 melioris
1015 602 1255 678 utroque.

179 663 282 719 Ille
306 664 451 719 velut
477 665 590 721 fidis
616 685 800 721 arcana
822 667 1081 723 sodalibus
1105 668 1227 722 olim
1698 670 1769 726 30

177 733 438 790 Credebat
464 735 604 791 libris
626 758 639 803 3
678 756 840 809 neque
865 739 912 792 si
934 737 1064 793 male
1090 743 1329 805 cesserat,
1355 757 1584 812 unquam

176 804 475 861 Decurrens
501 807 614 874 alio,
639 826 806 879 neque
831 808 875 863 si
901 807 1064 875 bene;
1138 828 1205 864 uo
1232 809 1303 875 fit,
1328 816 1390 867 ut
1415 810 1582 866 omnis

177 874 375 930 Votiva
401 883 576 945 pateat
601 878 761 933 veluti
790 878 1048 948 descripta
1070 885 1125 933 ta
1160 879 1259 935 ella
1576 910 1580 915 ⁷

65 951 69 955 '
176 945 305 1003 Vita
328 948 479 1002 senis.
554 949 751 1019 Sequor
773 949 911 1004 hunc
939 950 1182 1004 Lucanus
1206 969 1273 1005 an
1295 949 1500 1021 Apulus
1524 968 1745 1024 anceps:

172 1016 315 1073 Nam
339 1015 640 1073 Venusinus
665 1026 774 1074 arat
798 1020 952 1074 finem
977 1019 1074 1075 sub
1098 1026 1376 1092 utrumque
1400 1020 1629 1087 colonuS,

176 1087 377 1147 Missus
401 1088 466 1142 ad
490 1089 589 1145 hoc
615 1090 793 1160 pulsis,
821 1096 970 1145 vetus
994 1095 1075 1145 est
1101 1097 1161 1144 ut
1185 1091 1333 1157 fama,
1362 1091 1595 1158 Sabellis,

177 1159 297 1227 Quo
324 1178 385 1212 ne
410 1179 508 1231 per
532 1179 750 1216 vacuum
777 1161 1006 1215 Romano
1034 1162 1315 1216 incurreret
1338 1161 1522 1227 hostiS,

177 1229 298 1284 Sive
325 1230 461 1300 quod
485 1230 656 1300 Apula
679 1249 807 1304 gens
832 1250 923 1285 seu
951 1230 1088 1302 quod
1113 1231 1340 1286 Lucania
1361 1231 1553 1287 bellum

174 1297 447 1355 Incuteret
474 1300 711 1356 violenta.
788 1300 890 1355 Sed
914 1301 996 1356 hic
1022 1301 1171 1356 stilus
1200 1301 1335 1356 baud
1357 1300 1501 1373 petet
1525 1301 1665 1358 ultro

176 1369 500 1442 Quemquam
527 1373 836 1427 animantem
861 1375 914 1426 et
938 1391 1020 1426 me
1044 1371 1205 1427 veluti
1230 1373 1488 1428 custodiet
1512 1373 1649 1429 ensis
1697 1375 1768 1429 40

175 1439 379 1511 Vagina
401 1446 575 1498 tectus
599 1463 611 1507 ;
649 1461 800 1514 quem
825 1460 918 1498 cur
943 1443 1262 1513 destringere
1287 1461 1443 1499 coner

172 1511 344 1568 Tutus
368 1512 432 1568 ab
456 1513 656 1569 infestis
680 1513 1004 1569 latronibus?
1078 1514 1128 1569 O
1155 1519 1297 1582 pater
1321 1520 1374 1569 et
1398 1533 1490 1570 rex

178 1586 408 1657 Jupiter,
433 1590 495 1640 ut
520 1590 695 1658 pereat
720 1585 948 1656 positum
972 1584 1085 1639 rubi
1130 1584 1210 1640 'ne
1233 1585 1411 1653 telum,

174 1655 292 1712 Nec
317 1658 584 1729 quisquam
608 1660 787 1711 noceat
814 1655 1004 1725 cupido
1030 1656 1098 1709 mi
1136 1655 1155 1709 i
1178 1656 1347 1726 pacis!
1424 1658 1497 1711 At
1520 1655 1625 1723 ille,
1733 1696 1741 1704 .

176 1727 276 1796 Qui
302 1746 385 1782 me
410 1727 692 1792 commorit,
723 1728 763 1797 (‘
778 1726 973 1781 Melius
999 1744 1104 1781 non
1126 1732 1339 1798 tangere
1357 1728 1390 1782 !’
1427 1727 1634 1798 clam0,)

176 1797 346 1853 Flebit
372 1803 426 1854 et
450 1799 666 1871 insignis
690 1801 805 1852 tota
827 1796 1121 1853 cantabitur
1144 1796 1286 1852 urbe.

175 1869 387 1924 Cervius
409 1870 572 1925 iratus
597 1871 736 1940 leges
761 1868 1029 1924 minitatur
1053 1873 1106 1923 et
1129 1887 1327 1933 urnam,

176 1938 386 1994 Canidia
409 1940 608 2006 Albuti,
636 1939 822 2011 quibus
846 1944 929 1995 est
953 1939 1172 1999 inimica,
1199 1956 1470 2004 venenum,

178 2008 382 2064 Grande
408 2012 599 2066 malum
622 2011 827 2078 'l'uriuS,
856 2012 902 2065 si
927 2009 1051 2081 quid
1076 2028 1132 2064 se
1149 2007 1322 2079 judice
1348 2015 1531 2064 certes·

175 2078 269 2145 Ut,
295 2098 399 2152 quo
460 2083 642 2155 uisque
667 2081 820 2148 valet,
845 2086 1115 2151 suspectos
1139 2083 1351 2141 terreat,
1374 2085 1538 2150 utque
1693 2079 1764 2132 50

173 2149 403 2223 Imperet
465 2171 526 2208 oc
551 2158 738 2207 natura
760 2159 965 2224 potens,
991 2151 1067 2206 sic
1091 2148 1274 2219 collige
1299 2167 1531 2204 mecum:

174 2219 348 2276 Dente
371 2220 541 2295 lupus,
569 2242 730 2279 cornu
754 2228 935 2277 taurus
960 2223 1093 2293 petit
1115 2240 1130 2286 ;
1166 2219 1301 2274 unde
1324 2219 1424 2273 nisi
1438 2219 1590 2300 ‘intus

173 2290 562 2349 Monstratum?
636 2295 824 2348 Scaevae
846 2294 1072 2347 vivacem
1101 2290 1252 2346 crede
1273 2293 1454 2361 nepot1

174 2362 394 2418 Matrem
415 2386 430 2430 ς
468 2363 543 2419 nil
566 2362 721 2418 faciet
746 2363 953 2418 sceleris
980 2361 1064 2434 pia
1087 2361 1315 2423 dextera,
1346 2360 1569 2430 (mirum,

175 2432 252 2488 Ut
269 2452 434 2505 neque
453 2434 591 2489 calce
609 2434 764 2506 lupus
783 2452 1088 2505 quemquam
1108 2450 1274 2503 neque
1292 2431 1449 2490 dente
1463 2431 1595 2503 petit
1614 2430 1707 2489 bos
1721 2432 1766 2503 ς)

174 2504 277 2559 Sed
300 2503 432 2558 mala
452 2504 604 2559 tollet
630 2522 781 2559 anum
807 2504 991 2559 vitiato
1017 2502 1165 2558 melle
1191 2503 1378 2558 cicuta.

177 2574 259 2630 Ne
280 2574 493 2645 longum
516 2574 700 2629 faciam
722 2597 734 2629 :
773 2593 867 2632 seu
889 2593 971 2631 me
996 2573 1274 2645 tranquilla
1297 2586 1537 2631 senectus

177 2645 463 2718 Exspectat
488 2663 583 2701 seu
605 2663 743 2699 mors
767 2646 894 2700 atris
919 2645 1252 2700 circumvolat
1276 2644 1388 2712 alis,

177 2716 349 2784 Dives,
373 2716 540 2788 inopS‚
567 2716 748 2772 Romae
773 2734 867 2771 seu
892 2715 995 2771 fors
1020 2716 1094 2771 ita
1110 2715 1340 2788 jusserit,
1367 2713 1548 2784 exsu13
