2031 2952
280 141 344 194 72

937 142 1232 191 HORATII
1301 152 1310 161 ⁶

424 256 573 311 Dura
598 260 715 327 post
740 255 912 329 paullo
938 255 1106 327 fugies
1132 256 1355 312 inaudax

568 327 754 383 Proelia
778 331 968 398 raptor.

425 398 596 466 Quum
622 417 714 470 per
740 397 1007 453 obstantes
1028 398 1279 470 juvenum
1304 402 1538 456 catervas

427 468 534 524 Ibit
557 469 812 540 insignem
836 473 1079 541 repetens
1103 469 1409 537 Nearchum,

428 538 633 594 Grande
658 542 936 604 certamen,
962 539 1061 595 tibi
1085 539 1258 611 praeda
1278 542 1442 606 cedat,

567 609 742 682 Major
765 629 833 665 an
856 609 945 664 illi.

424 680 658 747 Interim,
687 680 809 735 dum
834 684 894 734 tu
919 679 1112 735 celeres
1138 684 1358 762 sagittas

426 751 642 816 PromiS,
667 751 777 806 haec
801 749 980 805 dentes
1006 751 1146 806 acuit
1170 752 1444 819 timendos,

427 821 644 877 Arbiter
667 840 854 893 pugnae
879 822 1114 891 posuisse
1137 821 1278 877 nudo

573 891 680 947 Sub
705 891 836 964 pede
860 890 1079 963 palmam

429 963 621 1018 Fertur
643 967 698 1018 et
721 962 827 1017 leni
849 980 1081 1017 recreare
1105 967 1265 1017 vento

433 1034 678 1104 Sparsum
703 1032 931 1088 odoratis
955 1032 1226 1087 humerum
1251 1031 1463 1104 capillis,

430 1103 607 1173 Qualis
633 1109 723 1158 aut
748 1104 936 1158 Nireus
961 1103 1061 1159 fuit
1086 1108 1178 1159 aut
1202 1123 1397 1176 aquosa

571 1175 776 1245 Raptus
800 1174 865 1230 ab
889 1173 1000 1229 Ida.

579 1335 891 1392 CARMEN
930 1335 1232 1392 §Du—u>
1270 1353 1601 1394 ammom.

436 1453 483 1508 Ο
508 1467 657 1508 NATA
681 1469 883 1507 meeum
903 1449 1120 1507 consule
1145 1448 1361 1517 Manli0,

432 1526 536 1580 Seu
560 1528 623 1578 tu
647 1521 880 1606 querelas
907 1523 1017 1577 sive
1042 1521 1179 1593 geris
1198 1522 1345 1593 jocos

503 1596 605 1649 Seu
630 1613 794 1649 rixam
819 1598 874 1647 et
897 1592 1108 1647 insanos
1132 1610 1331 1647 amores

574 1666 679 1720 Seu
701 1663 918 1730 facilem,
946 1663 1032 1734 pia
1054 1666 1207 1729 testa,
1232 1680 1498 1729 somnum;

433 1735 755 1808 Quocunque
778 1735 972 1789 lectum
998 1733 1203 1787 nomine
1227 1733 1515 1790 Massicum

437 1808 637 1871 Serva3‚
667 1806 859 1860 moveri
884 1804 1041 1874 digna
1064 1803 1200 1859 bono
1228 1803 1327 1870 die,

504 1876 774 1932 Descende
798 1874 1025 1931 Corvino
1054 1874 1263 1930 'ubente

577 1949 824 2003 Promere
847 1945 1026 2016 langui
1063 1945 1170 2000 iora
1192 1945 1327 2000 vina.

434 2018 560 2074 Non
585 2018 687 2085 ille,
715 2035 1023 2089 quamquam
1050 2015 1326 2073 Socraticis
1351 2014 1523 2072 madet

436 2088 786 2154 Sermonibus,
813 2092 868 2142 te
892 2086 1124 2157 negliget
1147 2087 1418 2142 horridus:

509 2160 770 2215 Narratur
794 2164 847 2213 et
875 2157 1032 2229 prisci
1058 2158 1272 2213 Catonis

579 2230 724 2302 Saepe
750 2247 892 2283 mero
916 2228 1136 2284 caluisse
1152 2238 1173 2262 ⁶
1196 2228 1380 2284 virtus.

438 2300 522 2355 Tu
545 2299 659 2355 lene
684 2303 999 2356 tormentum
1027 2298 1235 2369 ingenio
1258 2300 1499 2356 admoves

440 2370 748 2443 Plerumque
774 2369 903 2424 duro
918 2392 933 2436 ;
973 2373 1034 2424 tu
1059 2371 1365 2439 sapientium

513 2439 680 2495 Curas
705 2448 759 2495 et
784 2457 1023 2496 arcanum
1046 2440 1226 2522 jocoso

585 2509 867 2565 Consilium
892 2516 1085 2581 retegis
1109 2510 1296 2582 Lyoe03

442 2578 523 2634 Tu
550 2598 691 2651 spem
718 2579 923 2636 reducis
948 2580 1207 2635 mentibus
1233 2581 1415 2647 anxiis,

442 2647 699 2722 Viresque
725 2653 779 2705 et
804 2649 950 2705 addis
974 2668 1168 2705 cornua
1192 2652 1406 2722 pauperi

961 2754 977 2772 ·
1003 2744 1233 2784 incaluisse

1817 755 1894 812 10

1827 2088 1907 2144 10
