2031 2952
212 119 318 171 128
869 117 1168 168 HORATII

218 234 459 307 Denique
484 233 554 289 sit
577 232 695 289 finis
720 232 992 304 quaerendi,
1021 251 1283 305 quumque
1306 230 1496 290 habeas
1518 232 1652 306 plus,

218 305 527 377 Pauperiem
550 308 752 360 metuas
776 303 944 359 minus
970 307 1025 358 et
1048 304 1195 358 finire
1220 303 1445 359 laborem

213 376 460 447 IncipiaS‚
485 380 634 446 parto
660 374 797 446 quod
822 374 1024 439 avebas,
1052 391 1117 429 ne
1142 374 1298 429 facias
1322 373 1462 445 quod

218 445 516 502 Ummidius
542 446 779 517 quidam;
816 463 921 500 non
943 444 1102 515 longa
1125 449 1206 500 est
1230 444 1432 501 fabula:
1472 444 1632 512 dives»,

213 516 295 572 Ut
318 515 590 571 metiretur
611 534 882 583 nummos3
918 514 996 570 ita
1021 514 1272 582 sordidus,
1297 519 1359 570 ut
1385 528 1440 570 se

218 587 345 644 Non
367 605 595 657 unquam
619 603 770 642 servo
794 586 977 641 melius
1002 586 1221 641 vestiret
1242 606 1256 651 ;
1292 585 1522 657 adusque

220 658 528 727 Supremam
548 660 771 729 tempus,
797 675 864 711 ne
889 675 944 712 se
969 656 1184 726 penuria
1207 656 1377 712 victus

216 727 564 798 opprimeret,
590 727 868 782 metuebat.
943 727 1015 782 At
1040 728 1179 782 hunc
1202 726 1387 782 liberta
1409 726 1580 783 securi

214 798 411 853 Divisit
434 798 675 863 medium,
700 797 980 852 fortissima
1001 797 1426 869 Tyndaridarum.
1707 799 1815 852 100

289 872 325 897 “
340 867 478 934 Quid
499 869 573 924 mi
594 869 757 940 igitur
780 867 1006 923 suades?
1044 872 1106 922 ut
1129 868 1296 923 vivam
1319 867 1586 923 Moenius?
1623 872 1714 923 aut
1738 867 1816 923 sic

213 938 296 995 'Ut
319 940 684 995 Nomentanus
698 939 755 994 ?'’
793 938 974 1010 Pergis
1001 938 1285 1010 pugnantia
1308 957 1486 994 secum

215 1009 497 1066 Frontibus
520 1009 747 1065 adversis
774 1026 1107 1080 componere:
1147 1027 1254 1064 non
1277 1028 1392 1080 eg0,
1419 1027 1631 1064 avarum

218 1081 391 1146 Quum
416 1085 536 1136 veto
560 1085 614 1136 te
638 1079 764 1146 fleri,
791 1099 855 1134 va
895 1098 1008 1151 pam
1028 1079 1188 1151 jubeo
1213 1097 1272 1135 ac
1297 1079 1621 1135 nebulonem.

214 1149 316 1207 Est
338 1151 477 1207 inter
498 1152 695 1207 Tanain
720 1099 961 1222 quiddam
986 1168 1324 1232 socerumque
1347 1149 1550 1205 Viselli.

217 1221 318 1277 Est
344 1222 526 1278 modus
551 1223 606 1277 in
630 1221 801 1290 rebus,
827 1225 950 1276 sunt
975 1221 1107 1277 certi
1130 1221 1351 1294 demque
1374 1221 1517 1286 fines,

218 1293 361 1357 Quos
385 1292 524 1348 ultra
546 1293 777 1365 citraque
801 1292 980 1364 nequit
1005 1292 1289 1348 consistere
1312 1296 1530 1348 rectum.

216 1361 370 1430 Illuc,
396 1363 535 1419 unde
559 1363 677 1430 abii,
704 1363 874 1430 redeo,
900 1381 1052 1417 nemo
1078 1367 1139 1418 ut
1166 1381 1349 1419 avarus

221 1434 291 1490 Se
319 1432 499 1505 probet
524 1452 583 1491 ac
606 1434 783 1506 potius
806 1433 984 1491 laudet
1010 1433 1215 1489 diversa
1238 1437 1529 1507 sequentes,

220 1504 475 1577 Quodque
499 1505 668 1560 aliena
690 1506 884 1577 capella
907 1510 1056 1577 gerat
1084 1506 1360 1561 distentius
1383 1505 1529 1572 uber,
1710 1505 1817 1562 110

217 1574 486 1644 Tabescat‚
510 1594 680 1648 neque
706 1595 762 1631 se
786 1576 969 1648 majori
992 1577 1355 1649 pauperiorum

217 1644 406 1702 Turbae
430 1650 708 1718 comparet,
735 1646 872 1701 hunc
895 1654 1052 1717 atque
1077 1647 1216 1701 hunc
1241 1665 1484 1717 superare
1508 1646 1726 1704 laboret.

220 1716 307 1772 Sic
332 1716 600 1772 festinanti
623 1734 826 1786 semper
849 1716 1158 1787 locupletior
1184 1716 1373 1784 obstat,

216 1787 314 1854 Ut,
341 1806 503 1859 quum
526 1785 817 1844 carceribus
840 1787 1026 1841 missos
1049 1787 1185 1858 rapit
1210 1787 1407 1859 ungula
1429 1807 1627 1858 curruS,

219 1857 391 1914 Instat
415 1858 562 1930 equis
587 1858 767 1929 auriga
790 1875 912 1912 suos
935 1857 1280 1927 vincentibus
1308 1857 1453 1914 illum
1709 1865 1712 1870 “

216 1928 548 1985 Praeteritum
572 1933 807 1983 temnens
832 1933 1089 1983 extremos
1116 1926 1253 1983 inter
1276 1935 1501 1984 euntem.

216 1998 351 2055 Inde
375 2000 452 2065 fit,
479 2004 540 2055 ut
565 2017 695 2065 ram,
723 1999 814 2071 qui
838 2017 893 2054 se
918 1998 1109 2053 vixisse
1135 1997 1347 2054 beatum

217 2070 376 2126 Dicat
400 2075 455 2126 et
481 2073 664 2126 exacto
689 2073 966 2125 contentus
989 2073 1224 2152 tempore
1247 2070 1356 2125 vita

223 2141 390 2197 Cedat
415 2142 496 2196 uti
519 2140 735 2196 conviva
759 2145 920 2207 satur,
947 2159 1173 2212 reperire
1201 2160 1464 2213 queamus.

221 2211 260 2266 J
260 2230 343 2266 am
367 2211 494 2267 satis
519 2215 618 2267 est.
690 2211 776 2267 Ne
800 2230 883 2266 me
909 2211 1132 2284 Crispini
1156 2211 1348 2267 scrinia
1369 2212 1497 2285 lippi
1713 2212 1819 2268 120

222 2281 545 2355 compilasse
567 2285 740 2356 putea,
766 2281 983 2339 verbum
1004 2300 1113 2339 non
1136 2282 1357 2355 amplius
1380 2282 1581 2360 addam.

823 2463 1091 2521 SATIRA
1124 2463 1208 2519 II.

219 2558 656 2617 Aususmmm
679 2562 910 2633 collegia,
938 2560 1362 2634 pharmacopolae‚

219 2625 468 2698 Mendici,
496 2633 678 2699 mimae,
706 2633 1014 2700 balatrones,
1042 2634 1139 2688 hoc
1162 2651 1326 2714 genus
1350 2649 1501 2713 omne

220 2698 471 2758 Maestum
496 2721 557 2759 ac
582 2703 864 2761 sollicitum
888 2710 970 2761 est
993 2707 1221 2760 cantorls
1245 2707 1410 2759 morte
1434 2699 1620 2773 'hgelli
1637 2723 1653 2756 ι
