2031 2952
331 143 399 192 26

984 139 1279 190 HORATII

627 327 940 384 CARMEN
977 326 1297 382 xxx—An
1332 341 1619 381 vnnnnnu.

470 440 519 495 Ο
545 440 759 508 ἾΕΝσε,
784 441 962 514 regina
985 440 1138 496 Cnidi
1163 437 1443 510 Paphique,

475 511 513 565 S
549 530 670 568 erne
695 512 934 579 dilectam
958 512 1169 584 Cypron
1192 515 1246 565 et
1268 508 1499 564 vocantis

470 530 643 651 'l'flure
667 588 722 638 te
745 584 910 639 multo
935 582 1001 639 Gl
1036 601 1165 638 cerae
1189 580 1425 636 decoram

610 655 850 709 Transfer
872 654 928 708 in
950 673 992 709 ae
1030 672 1127 708 em.

468 724 720 781 Fervidus
744 729 919 780 tecum
942 743 1073 795 puer
1096 727 1149 778 et
1172 722 1355 779 solutis

473 796 663 851 Gratiae
686 795 831 850 zonis
855 800 1231 866 properentque
1256 791 1511 864 Nymphae

467 866 539 923 Et
563 884 745 939 parum
768 865 927 920 comis
953 864 1063 920 sine
1085 869 1140 920 te
1163 865 1196 919 J
1199 871 1416 919 uventas

606 936 1018 1007 Mercuriusque.

586 1185 897 1241 CARMEN
933 1185 1284 1240 xxm-An
1320 1198 1652 1239 Aronnmnu.

470 1301 621 1370 QUID
647 1301 934 1358 dedicatum
959 1302 1129 1375 poscit
1152 1299 1440 1373 Apollinem

470 1373 669 1427 Vates?
707 1374 826 1443 quid
854 1379 967 1429 orat
992 1373 1055 1429 de
1079 1376 1257 1443 patera
1279 1389 1469 1425 novum

536 1443 780 1500 Fundens
804 1444 1095 1517 liquorem?
1154 1444 1279 1499 Non
1303 1443 1484 1515 opimae

612 1515 856 1570 Sardiniae
880 1521 1084 1588 segetes
1109 1514 1320 1580 feraceS,

469 1586 592 1641 Non
616 1590 850 1641 aestuosae
873 1591 1023 1658 grata
1047 1584 1295 1640 Calabriae

467 1659 732 1725 Armenta,
756 1675 862 1712 non
885 1675 1065 1711 aurum
1093 1660 1183 1709 aut
1208 1654 1336 1710 ebur
1360 1654 1615 1721 Indicum,

533 1727 658 1783 Non
680 1746 816 1794 rura,
842 1746 954 1799 quse
978 1727 1116 1782 Liris
1143 1725 1315 1797 quieta

604 1797 816 1853 Mordet
841 1817 973 1869 aqua
994 1797 1285 1852 taciturnus
1311 1795 1486 1852 amnis,

466 1870 707 1926 Premant
733 1868 924 1923 Calena
947 1868 1075 1924 falce
1101 1866 1283 1939 quibus
1310 1866 1451 1922 dedit

465 1941 697 1995 Fortuna
717 1939 907 2007 vitem3
946 1939 1088 1995 dives
1113 1945 1166 1993 et
1182 1949 1202 1980 ⁷
1229 1938 1399 1993 aureis

532 2010 794 2065 Mercator
817 2011 1041 2066 exsiccet
1066 2008 1270 2064 culullis

605 2080 739 2134 Vina
764 2081 892 2152 Syra
914 2085 1151 2153 reparata
1177 2101 1360 2149 merce,

462 2149 562 2205 Dis
587 2169 736 2206 carus
760 2150 899 2222 ipsis,
928 2154 1116 2224 quippe
1143 2157 1225 2208 ter
1249 2160 1300 2209 et
1328 2155 1510 2225 quater

461 2223 613 2276 Anno
637 2221 865 2276 revisens
891 2243 1066 2295 sequor
1091 2224 1413 2280 Atlanticum

534 2291 617 2345 Im
654 2310 770 2345 une.
844 2295 932 2349 Me
957 2299 1211 2366 pascunt²
1238 2294 1399 2358 olivae,

618 2310 719 2416 ᾖε
745 2362 979 2420 cichorea
1003 2365 1241 2445 levesque
1267 2363 1459 2418 malvae.

462 2423 590 2484 Frui
612 2432 803 2500 paratis
828 2439 881 2488 et
907 2433 1078 2489 valido
1103 2434 1243 2499 mihi,

462 2500 644 2564 Latoe,
671 2500 828 2557 dones
855 2509 909 2559 et
934 2522 1117 2576 precor
1141 2503 1343 2574 integra

533 2568 672 2622 Cum
695 2578 865 2628 mente
890 2593 986 2629 nec
1010 2579 1213 2643 turpem
1239 2576 1499 2628 senectam

605 2638 809 2712 Degere
833 2660 929 2697 nec
955 2643 1153 2698 cithara
1175 2647 1450 2697 carentem.

584 2742 604 2771 ι
632 2736 685 2773 ut
1424 2749 1439 2768 ⁸
1465 2744 1645 2789 pascant

1852 1940 1929 1998 10

1855 2651 1933 2705 20
