2031 2952
951 145 1247 197 HORATII

516 255 709 313 Civitas
734 257 899 314 omnis
923 258 1261 335 dabimusque
1284 263 1435 320 Divis

651 327 826 383 Thura
848 329 1103 401 benignis·

510 398 586 453 Te
612 397 786 454 decem
810 401 948 455 tauri
971 401 1289 475 totidemque
1311 423 1495 473 vaecae‚

513 469 606 523 Me
631 472 779 524 tener
802 470 966 526 solvet
993 472 1204 541 vitulus,
1232 474 1412 532 relicta

512 537 687 595 Matre
713 541 801 612 qui
825 540 980 613 largis
1001 543 1295 616 juvenescit
1319 546 1490 605 herbis

650 612 715 667 In
740 630 853 667 mea
873 619 1013 678 vota,

515 679 708 737 Fronte
733 688 973 739 curvatos
998 684 1231 743 imitatus
1254 686 1402 758 ignes

512 749 748 807 Tertium
770 753 936 809 Lunae
958 755 1231 812 referentis
1256 762 1446 827 ortum,

512 820 631 891 Qua
652 828 827 878 notam
853 824 1000 880 duxit
1024 826 1207 883 niveus
1231 827 1410 898 videri,

651 894 842 950 Cetera
864 894 1056 952 fulvuS.

571 1090 886 1192 CARMEN
923 1135 1182 1192 ΙΙΙ-ΑΒ
1219 1154 1618 1196 numm-mm.

442 1247 617 1317 QUEM
641 1251 717 1314 tu,
739 1248 1094 1321 Melpomene,
1119 1251 1278 1306 semel

511 1318 825 1375 Nascentem
852 1320 1055 1392 placido
1079 1321 1270 1378 lumine
1294 1323 1501 1391 viderie,

438 1387 595 1445 Illum
622 1408 727 1446 non
750 1391 895 1446 labor
919 1392 1171 1447 Isthmius

510 1459 739 1517 Clarabit
761 1462 1004 1535 pugilem,
1031 1482 1138 1518 non
1161 1462 1324 1537 eqnus
1348 1464 1568 1538 impiger

434 1532 610 1586 Curru
634 1531 787 1589 ducet
811 1534 1039 1589 Achaico

504 1601 790 1669 Victorem,
816 1623 882 1659 ne
919 1623 984 1659 ue
1009 1621 1094 1660 res
1118 1604 1301 1663 bellica
1324 1605 1490 1663 Deliis

433 1672 687 1729 Ornatam
713 1674 850 1730 foliis
909 1693 1073 1739 noem,

504 1743 662 1803 Quod
684 1763 865 1816 regum
890 1745 1117 1802 tumidas
1139 1747 1436 1804 contuderit
1461 1747 1650 1815 minas,-

434 1813 693 1870 Ostendet
719 1817 789 1869 Ca
825 1814 998 1871 itolio:

512 1884 614 1939 Sed
639 1905 752 1958 quae
775 1886 787 1910 '
806 1886 936 1941 'ihm-
959 1906 1107 1959 aquae
1131 1888 1299 1945 fertile
1321 1888 1597 1961 praefluunt

346 1961 353 1966 '
433 1953 506 2011 Et
532 1956 708 2037 spissae
732 1975 997 2012 nemorum
1021 1978 1183 2015 comae

508 2026 732 2098 Fmgent
756 2027 928 2084 AEoh'o
953 2030 1181 2084 camnine
1202 2028 1442 2086 nobilem.

436 2094 618 2152 Romae
641 2097 887 2170 principis
911 2099 1118 2155 urbium

502 2167 773 2240 Dignatur
797 2169 1001 2225 soboles
1024 2171 1164 2226 inter
1187 2169 1428 2227 amabiles

430 2229 630 2295 ‘Vatum
657 2257 847 2309 ponere
872 2259 954 2296 me
977 2242 1178 2307 ehorOS,

507 2307 577 2364 Et
595 2309 700 2381 jam
726 2310 881 2366 dente
905 2311 1078 2367 minus
1102 2306 1341 2368 mordeor
1364 2310 1557 2368 mvido.

433 2377 482 2433 O
507 2380 784 2437 testudinis
808 2401 977 2439 aureae

506 2450 727 2508 Duleem
753 2471 869 2524 quae
894 2457 1187 2523 strepltum,
1214 2452 1370 2520 Pieri,
1394 2456 1670 2525 temperaS,

434 2520 483 2576 O
509 2522 668 2577 mutis
693 2541 899 2595 quoque
923 2523 1151 2605 piscibus

503 2591 775 2648 Donatura
796 2612 962 2665 oyem,
989 2595 1035 2649 si
1057 2594 1229 2660 libeat,
1256 2612 1455 2663 sonum,

436 2662 628 2717 Totum
656 2665 879 2719 muneris
905 2665 1005 2720 hoe
1028 2665 1112 2719 tui
1134 2674 1232 2730 est,

510 2731 666 2801 Quod
688 2739 944 2789 monstror
967 2734 1134 2806 digito
1157 2736 1583 2806 praetereuntium

1822 1892 1898 1948 10

1825 2594 1906 2649 20
