2031 2952
271 131 371 184 202
930 130 1030 180 ΗΟ
1037 131 1224 181 RATII

481 349 839 407 EPISTOLA
871 351 1089 406 X.—An
1126 367 1349 407 ruscum
1383 367 1666 411 Amsrmu.

272 455 455 511 URBIs
479 458 758 510 amatorem
781 455 1010 511 Fuscum
1035 455 1229 511 salvere
1248 454 1489 527 jubemus

270 527 434 581 Ruris
459 531 729 592 amatores,
755 526 850 581 hac
874 526 925 581 in
951 546 1007 582 re
1034 527 1228 582 scilicet
1251 544 1358 582 una

272 597 503 652 Multum
530 595 817 663 dissimiles»,
845 602 899 652 at
924 603 1098 652 cetera
1120 615 1266 669 paene
1290 596 1509 668 gemelli,
1538 664 1547 671 ,

274 666 536 723 Fraternis
562 667 742 722 animis
769 667 1020 740 quidquid
1042 672 1199 739 negat
1223 667 1352 722 alter
1376 673 1431 722 et
1456 667 1601 733 alter,

273 737 565 793 Annuinms
589 737 783 810 pariter
806 738 969 793 vetuli
991 738 1205 810 notique
1230 736 1456 793 columbi

272 808 356 863 Tu
377 807 553 863 nidum
577 827 781 875 servas3
818 827 916 879 ego
942 808 1094 863 laudo
1118 807 1251 863 ruris
1276 808 1461 864 amoeni

272 878 437 934 Rivos
463 884 517 934 et
539 896 718 934 musco
742 879 1029 934 circumlita
1052 897 1175 933 saxa
1197 897 1497 950 nemusque.

274 949 412 1015 Quid
435 949 660 1022 quaerisP
732 950 870 1005 Vivo
894 954 948 1004 et
972 967 1149 1021 regn0,
1176 949 1331 1004 simul
1354 949 1455 1005 ista
1477 949 1676 1023 reliqui,

272 1019 404 1088 Quae
426 1039 519 1075 vos
544 1019 608 1075 ad
631 1019 814 1075 coelum
840 1019 984 1075 fertis
1009 1038 1213 1075 rumore
1237 1019 1490 1076 secundo:

273 1089 456 1163 thue
481 1090 763 1145 sacerdotis
787 1089 1044 1162 fugitivus
1069 1091 1172 1145 liba
1193 1109 1405 1156 recus03
1796 1090 1876 1147 10

270 1159 414 1220 Pane
438 1180 565 1233 egeo
584 1160 686 1233 jam
713 1161 920 1216 mellitis
944 1161 1144 1233 potiore
1169 1160 1433 1232 placentis,

272 1231 463 1288 Vivere
487 1237 684 1288 naturae
709 1232 753 1287 si
777 1232 1141 1288 convenienter
1165 1236 1387 1303 oportet,

270 1301 632 1373 Ponendaeque
656 1302 808 1358 domo
833 1302 1110 1385 quaerenda
1132 1307 1213 1357 est
1236 1321 1354 1357 area
1376 1301 1611 1373 primum,

271 1371 546 1428 Novistine
568 1372 740 1429 iocum
764 1378 1017 1445 potiorem
1041 1391 1161 1428 rure
1184 1372 1373 1428 beato?

270 1444 370 1500 Est
394 1442 485 1499 ubi
507 1443 623 1515 plus
648 1449 856 1515 tepeant
881 1444 1092 1512 hiemes,
1119 1442 1209 1498 ubi
1233 1443 1424 1515 gratior
1448 1458 1573 1497 aura

271 1514 460 1569 Leniat
485 1521 538 1569 et
562 1514 755 1570 rabiem
780 1516 937 1571 Canis
962 1522 1015 1570 et
1043 1524 1300 1571 momenta
1322 1514 1531 1580 Leonis,

271 1584 448 1653 Quum
473 1584 631 1639 semel
654 1585 853 1657 accepit
879 1586 1049 1640 Solem
1074 1584 1381 1641 furibundus
1406 1584 1653 1641 acutum?

271 1654 372 1710 Est
395 1655 486 1710 ubi
509 1654 718 1711 divellat
742 1674 946 1711 somnos
972 1659 1140 1711 minus
1163 1655 1338 1711 invida
1359 1656 1521 1711 cura?

271 1725 519 1781 Deterius
540 1725 753 1808 Libycis
777 1727 881 1781 olet
906 1732 996 1782 aut
1021 1727 1153 1782 nitet
1176 1725 1336 1781 herba
1358 1725 1581 1796 lapillis?

270 1795 461 1852 Purior
483 1797 539 1852 in
560 1797 689 1852 vicis
712 1815 845 1868 aqua
866 1797 1035 1853 tendit
1059 1815 1297 1868 rumpere
1320 1795 1603 1868 plumbum,
1793 1796 1868 1851 20

273 1868 439 1933 Quam
463 1885 577 1939 quoe
600 1886 693 1939 per
718 1885 932 1939 pronum
958 1867 1184 1940 trepidat
1208 1886 1325 1923 cum
1350 1885 1607 1922 murmure
1631 1864 1798 1921 rivum
1814 1868 1847 1923 1³

272 1938 405 1994 Nem
444 1958 473 1994 e
499 1939 634 1994 inter
657 1938 823 1993 varias
847 1939 1078 1994 nutritur
1102 1938 1229 1993 silva
1252 1938 1514 1993 columnas

270 2008 387 2063 Lau
424 2015 640 2081 aturque
665 2007 863 2074 domus,
888 2009 1070 2080 longos
1096 2028 1210 2081 quae
1232 2008 1481 2080 prospicit
1507 2025 1673 2078 agros.

272 2079 528 2134 Naturam
552 2079 779 2151 expellas
804 2080 963 2146 furca,
988 2086 1166 2135 tamen
1191 2097 1355 2150 usque
1379 2083 1625 2142 recurret,

271 2148 345 2204 Et
369 2149 500 2204 mala
522 2155 819 2221 perrumpet
843 2150 1023 2205 furtim
1050 2149 1256 2205 fastidia
1278 2149 1480 2205 victrix.

270 2219 412 2284 Non,
440 2219 529 2291 qui
554 2220 762 2290 Sidonio
787 2219 1100 2275 contendere
1123 2220 1335 2275 callidus
1359 2224 1503 2274 ostro

274 2289 460 2344 Noscit
484 2291 797 2360 Aquinatem
821 2291 1059 2362 potantia
1080 2291 1269 2345 vellera
1292 2290 1483 2354 fucum,

274 2358 484 2413 Certius
508 2360 724 2432 accipiet
749 2360 990 2416 damnum
1015 2361 1291 2432 propiusve
1314 2359 1570 2425 medullis„

272 2427 440 2496 Quam
465 2430 682 2499 qui‘non
705 2431 895 2502 poterit
917 2449 1042 2493 vero
1067 2430 1382 2502 distinguere
1406 2430 1609 2485 falsum.

272 2497 440 2566 Quem
464 2517 546 2553 res
573 2500 686 2570 plus
710 2501 866 2555 nimio
891 2500 1208 2557 delectavere
1233 2499 1490 2566 secundoe,
1796 2503 1869 2562 30

273 2566 498 2623 Mutatae
522 2570 771 2637 quatient.
847 2572 902 2626 Si
926 2570 1050 2643 quid
1075 2570 1336 2636 mirabere,
1363 2588 1523 2640 pones

275 2636 498 2692 Invitus.
572 2639 719 2711 Fuge
743 2659 958 2712 magna3
996 2641 1116 2696 licet
1141 2640 1238 2695 sub
1264 2658 1487 2710 paupere
1511 2644 1655 2697 tecto

274 2705 452 2778 Reges
475 2711 530 2763 et
553 2726 735 2780 regum
758 2711 866 2766 vita
889 2728 1202 2783 praecurrere
1225 2710 1434 2766 amicos».
