2031 2952
635 128 914 180 EPODON
949 127 1162 177 CARM.
1197 129 1242 183 1,
1274 130 1304 174 2
1478 145 1482 149 ·
1685 122 1781 172 107

327 252 484 309 Libet
508 252 676 319 iacere
700 250 853 304 modo
879 248 975 305 sub
999 249 1213 320 antiqua
1237 246 1366 306 ilice,

400 312 563 377 Modo
587 324 641 377 in
666 321 834 376 tenaci
858 319 1105 391 gramine.

327 393 602 450 Labuntur
626 392 744 447 altis
769 391 974 446 interim
1000 390 1123 459 ripis
1148 407 1310 460 aquae,

398 466 699 533 Queruntur
723 463 777 516 in
801 461 942 516 silvis
968 480 1102 526 aveS,

325 537 624 605 Fontesque
647 533 868 603 lymphis
892 531 1202 601 obstrepunt
1229 526 1571 588 manantibuS,

402 607 617 661 Somnos
643 604 779 675 quod
804 603 988 658 invitet
1014 602 1167 656 leves,

329 678 403 731 At
428 695 547 731 cum
570 675 797 730 tonantis
822 692 986 728 annus
1011 672 1256 728 hibernus
1283 671 1317 725 J
1319 670 1430 726 ovis

399 747 598 814 Imbres
623 745 869 815 nivesque
895 748 1173 814 comparat,
1718 735 1792 788 30

332 819 441 872 Aut
466 816 631 872 trudit
655 834 799 870 acres
824 815 943 870 hinc
968 818 1021 869 et
1046 814 1165 868 hinc
1192 809 1355 866 multa
1379 827 1503 865 cane
1532 863 1536 866 ,

400 889 570 957 Apros
596 887 649 941 in
675 885 938 941 obstantes
962 884 1156 955 plagas,

333 960 441 1013 Aut
467 959 621 1012 amite
647 957 747 1011 levi
768 975 884 1010 rara
905 954 1071 1009 tendit
1096 954 1244 1018 retia,

402 1029 587 1084 Turdis
613 1027 855 1083 edacibus
881 1025 1041 1091 dolos,

336 1099 585 1154 Pavidum
622 1118 686 1154 ue
711 1099 937 1170 leporem
962 1101 1015 1150 et
1040 1095 1287 1150 advenam
1315 1090 1499 1160 laqueo
1525 1105 1705 1159 gruem

405 1173 439 1225 J
442 1190 580 1226 ucun
618 1190 648 1225 a
671 1172 846 1240 captat
871 1167 1093 1238 praemia.

337 1242 465 1311 Quis
489 1260 594 1297 non
617 1240 880 1303 malarum,
908 1257 1034 1308 quas
1061 1253 1204 1291 amor
1227 1252 1375 1289 curas
1403 1229 1574 1296 habet,

405 1313 537 1369 Haec
561 1313 699 1367 inter
724 1309 1083 1365 obliviscitur?

341 1383 494 1444 Quod
521 1383 565 1438 si
590 1381 775 1454 pudica
798 1379 978 1434 mulier
1002 1378 1058 1431 in
1081 1379 1278 1446 partem
1300 1373 1450 1446 juvet

407 1455 632 1524 Domum
660 1457 814 1523 atque
841 1448 1013 1504 dulces
1038 1447 1243 1511 liberOS,
1729 1440 1802 1495 40

341 1526 527 1580 Sabina
552 1524 714 1594 qualis
741 1527 830 1576 aut
856 1524 1066 1593 perusta
1090 1516 1283 1572 solibus

413 1594 639 1650 Pernicis
664 1612 796 1648 uxor
821 1591 993 1663 Apuli,

345 1667 554 1721 Sacrum
581 1664 800 1719 vetustis
825 1664 1059 1717 exstruat
1086 1658 1241 1731 lignis
1270 1656 1444 1712 focum

411 1737 565 1792 Lassi
589 1736 685 1790 sub
710 1734 984 1789 adventum
1010 1730 1123 1795 viri,

345 1807 704 1877 Claudensque
730 1805 891 1859 textis
915 1801 1144 1858 cratibus
1172 1798 1345 1855 laetum
1375 1814 1535 1869 pecus

415 1878 660 1933 Distenta
683 1876 842 1931 siccet
866 1874 1054 1938 ubera3

345 1950 416 2004 Et
442 1949 603 2003 horna
626 1946 763 2002 dulci
788 1946 908 2000 vina
932 1961 1174 2015 promens
1204 1939 1356 2005 dolio,

415 2019 591 2089 Dapes
616 2019 869 2088 inemptas
895 2019 1140 2085 apparet:

345 2090 465 2146 Non
492 2109 573 2144 me
598 2088 826 2143 Lucrina
844 2084 1076 2157 juverint
1102 2080 1372 2151 conchylia

416 2160 654 2231 Magisve
678 2158 923 2212 rhombus
950 2159 1039 2210 aut
1067 2153 1215 2217 scari,
1738 2149 1811 2201 50·

349 2231 406 2286 Si
465 2251 562 2287 uos
586 2230 711 2285 Eois
736 2229 972 2283 intonata
993 2223 1239 2279 fluctibus

481 2302 607 2356 iems
632 2299 696 2355 ad
720 2299 816 2353 hoc
839 2302 1009 2352 vertat
1035 2313 1203 2359 mare3
1474 2358 1481 2364 ῃ

350 2371 477 2427 Non
500 2371 628 2426 Afra
653 2370 761 2425 avis
786 2366 1064 2423 descendat
1087 2365 1142 2419 in
1166 2365 1399 2417 ventrem
1425 2379 1614 2427 mcum,

421 2442 543 2497 Non
569 2446 782 2511 attagen
804 2439 1017 2493 Ionicus

352 2513 386 2567 J
388 2512 655 2575 ucundior‚
681 2529 833 2581 quam
858 2510 992 2564 lecta
1015 2507 1081 2562 dc
1105 2503 1458 2578 pinguissimls

422 2583 576 2642 Oliv'a
598 2581 749 2635 ramis
774 2579 1015 2634 arborum

358 2655 466 2707 Aut
492 2651 650 2710 herba
670 2648 865 2721 lapathi
888 2653 1038 2720 prata
1062 2646 1280 2702 amantis
1305 2649 1359 2701 et-
1384 2646 1531 2716 gravi

426 2722 613 2777 Malvae
638 2720 867 2775 salubres
891 2719 1095 2792 corpori
