2031 2952
562 126 943 204 CARMINUM
979 153 1082 202 111.
1115 152 1165 211 6,
1200 150 1248 205 7.

253 279 379 334 Non
400 275 479 330 his
499 275 748 346 juventus
772 273 888 327 orta
910 266 1211 341 parentibus

253 347 445 406 Infecit
468 363 644 416 aequor
666 342 916 413 sanguine
941 338 1156 403 Punice,

323 417 683 490 Pyrrhumque
707 419 761 469 et
786 414 1051 483 ingentem
1075 405 1263 465 cecidit

396 485 709 543 Antiochum
736 479 1183 551 Hannibalemque
1207 477 1411 544 dirum3

261 560 364 617 Sed
385 558 699 614 rusticorum
721 552 948 608 mascula
972 550 1197 604 militum

260 630 457 695 Proles,
487 625 701 682 Sabellis
727 624 880 679 docta
904 620 1165 693 ligonibus

329 702 554 757 Versare
578 696 753 768 glebas
779 700 833 750 et
859 711 1051 748 severae

399 769 590 826 Matris
614 766 680 822 ad
703 764 972 821 arbitrium
996 760 1192 818 recisos

261 846 480 901 Portare
504 841 684 903 susteS,
712 836 791 892 sol
814 833 906 890 ubi
932 834 1187 889 montium

262 915 500 971 Mutaret
523 908 733 965 umbras
757 912 812 963 et
831 906 960 979 juga
985 905 1215 959 demeret

331 984 512 1041 Bobus
536 979 767 1052 fatigatis
791 979 1010 1033 amicum

405 1055 631 1124 Tempus
656 1068 815 1122 agens
840 1048 1063 1103 abeunte
1089 1061 1262 1100 curru.

259 1128 529 1185 Damnosa
551 1121 675 1194 quid
698 1139 804 1176 non
828 1117 1086 1174 imminuit
1110 1115 1259 1169 dies?

262 1200 416 1258 AEtas
439 1200 714 1269 parentum
737 1191 882 1263 pejor
906 1189 1014 1244 avis
1039 1186 1163 1241 tulit

336 1270 452 1326 Nos
477 1264 765 1337 nequiores,
791 1278 915 1316 mox
939 1259 1153 1313 daturos

405 1335 714 1410 Progeniem
738 1330 1072 1388 vitiosiorem.

678 1502 994 1563 CARMEN
1031 1500 1165 1555 VII.

387 1615 463 1654 AD
500 1608 772 1651 ASTERIEN
811 1604 976 1645 AMICI
1013 1602 1105 1641 SUI
1143 1596 1456 1638 CONJUG1‹M.

198 1735 205 1742 ·
270 1698 428 1758 QUID
452 1693 563 1761 fleS,
588 1690 810 1754 Asterie,
838 1704 986 1759 quem
1014 1681 1111 1738 tibi
1136 1677 1342 1735 candidi

269 1768 448 1827 Primo
472 1765 752 1821 restituent
777 1778 897 1815 vere
924 1751 1138 1811 Favonii

340 1838 526 1906 Thyna
547 1851 715 1890 merce
743 1832 967 1894 beatum,

415 1905 718 1963 Constantis
743 1904 977 1956 'uvenem
1003 1894 1120 1960 fide,

274 1980 497 2053 Gygen?
559 1976 659 2031 Ille
745 1973 845 2028 otis
872 1978 1018 2025 actus
1044 1965 1110 2020 ad
1134 1962 1349 2017 Oricum

271 2053 404 2109 Post
427 2049 607 2103 insana
632 2047 812 2117 Caprae
837 2043 1006 2097 sidera
1029 2034 1241 2107 frigidas

343 2121 545 2177 Noctes
568 2136 677 2172 non
702 2118 812 2169 sine
839 2110 1015 2165 multis

412 2189 675 2246 Insomnis
701 2183 923 2239 lacrimis
949 2180 1075 2251 agit.

276 2263 441 2333 Atqui
466 2260 698 2315 sollicitae
722 2254 935 2309 nuntius
959 2247 1196 2320 hospitae,

278 2336 380 2391 Sus
418 2333 549 2387 itare
573 2328 779 2383 Chloen
801 2330 854 2379 et
877 2322 1117 2377 miseram
1139 2315 1247 2372 tuis

404 2404 544 2458 icens
569 2397 776 2471 ignibus
800 2395 899 2459 uri,

420 2475 613 2530 Tentat
636 2468 775 2523 mille
799 2465 944 2520 vafer
966 2458 1149 2515 modis,

279 2545 359 2602 Ut
384 2546 617 2601 Prtetum
643 2538 826 2593 mulier
851 2531 1047 2605 perfida
1071 2524 1336 2584 credulum

280 2617 449 2676 Falsis
473 2609 736 2681 impulerit
763 2603 1064 2663 criminibus
1088 2598 1239 2654 nimis

354 2687 516 2744 Casto
540 2677 928 2749 Bellerophonti

408 2756 677 2811 Maturare
705 2767 879 2803 necem
905 2744 1081 2799 refert.

1659 2305 1730 2362 10
