2031 2952
657 119 1060 169 SATIRARUM
1096 119 1167 168 11.
1194 80 1249 171 ‘⁷‘
1656 123 1753 171 183

157 238 459 295 Altercante
478 234 780 291 'libidinibus
805 235 983 290 tremis
1008 253 1127 290 ossa
1148 252 1356 307 pavore.

160 308 301 379 Quid
325 307 499 373 refert,
526 306 623 373 uri,
648 306 806 377 virgis
832 306 1071 377 ferroque
1095 306 1267 361 necari

159 381 481 448 Auctoratus
508 397 608 445 eas,
636 397 702 432 an
726 378 865 448 turpi
892 377 1098 432 clausus
1123 378 1175 431 in
1199 394 1330 444 arca,

161 451 281 520 Quo
307 456 359 506 te
386 449 589 505 demisit
616 447 807 518 peccati
834 449 1040 504 conscia
1062 447 1251 513 herilis,
1685 447 1752 502 60

162 521 501 577 Contractum
528 519 744 592 genibus
769 524 953 590 tangas
978 520 1177 590 caput?
1239 519 1399 574 Estne
1423 518 1607 574 marito

161 591 419 647 Matronae
443 591 702 663 peccantis
728 590 783 644 in
806 590 955 645 ambo
973 589 1116 658 justa
1140 590 1410 661 potestas?

161 661 232 717 In
254 667 607 733 corruptorem
633 662 715 717 vel
734 662 940 732 justior.
1013 660 1114 714 Illa
1137 665 1310 716 tamen
1334 679 1390 716 se

162 732 290 788 Non
313 732 492 787 habitu
517 738 750 788 mutatve
777 734 904 798 loc0‚
933 737 1178 804 peccatve
1202 749 1439 804 superne.

163 803 338 871 Quum
363 809 417 858 te
443 802 681 858 formidet
707 804 892 858 mulier
915 822 1083 874 neque
1108 801 1285 858 credat
1311 801 1517 867 amanti,

161 874 276 929 Ibis
300 874 395 930 sub
422 875 612 930 furcam
639 874 866 946 prudens
893 874 1202 945 dominoque
1227 873 1433 928 furenti·

166 946 471 1000 Committes
492 963 597 1000 rem
623 964 825 1000 omnem
846 952 900 1001 et
920 946 1076 999 vitam
1097 953 1149 999 et
1171 963 1285 1000 cum
1312 963 1525 1016 corpore
1553 945 1753 1000 famam.

164 1016 348 1071 Evasti
370 1040 382 1070 :
419 1016 589 1081 cred0,
615 1022 855 1071 metues⁴³
881 1015 1169 1086 doctusque
1195 1014 1400 1071 cavebis
1421 1038 1435 1082 ;

166 1087 397 1152 QuaereS,
422 1086 627 1156 quando
651 1087 834 1142 iterum
863 1106 1048 1158 paveas
1072 1087 1363 1158 iterumque
1388 1085 1552 1156 perire

164 1157 358 1224 PossiS,
385 1176 416 1212 o
441 1159 597 1212 toties
624 1176 804 1213 servus
827 1159 838 1213 l
904 1159 1041 1218 Quae
1067 1157 1236 1212 bellua
1260 1157 1446 1226 ruptiS,
1686 1157 1754 1216 70

167 1227 340 1296 Quum
367 1229 523 1283 semel
548 1228 747 1299 effugit,
774 1228 942 1284 reddit
969 1247 1024 1283 se
1051 1247 1206 1298 prava
1229 1228 1468 1283 catenis?

165 1302 180 1329 ‘
199 1299 248 1353 N
254 1318 321 1353 on
346 1318 458 1353 sum
485 1299 742 1365 moecbus‚'
770 1300 859 1354 ais.
941 1300 1127 1371 Neque
1152 1316 1264 1368 ego,
1293 1297 1515 1364 hercule,
1545 1297 1641 1363 fur,
1668 1317 1699 1351 u
1709 1298 1757 1353 bi

164 1369 427 1424 Praetereo
451 1370 653 1440 sapiens
679 1376 950 1440 argentea:
989 1370 1114 1423 tolle
1141 1367 1402 1439 periclum,
1612 1369 1760 1441 [vasa

166 1441 200 1496 J
204 1459 285 1495 am
310 1458 439 1523 vaga
461 1440 694 1514 prosiliet
719 1441 876 1497 frenis
899 1444 1087 1495 natura
1110 1439 1337 1496 remotis.

166 1511 312 1567 Tune
339 1512 460 1567 m1hi
486 1511 738 1578 dominus,
765 1531 935 1567 rerum
959 1511 1185 1582 imperiis
1211 1510 1575 1583 hominumque

164 1583 267 1638 Tot
292 1585 553 1654 tantisque
579 1583 760 1649 minor,
788 1602 944 1654 quem
969 1587 1051 1637 ter
1074 1581 1301 1637 vindicta
1325 1583 1610 1654 quaterque

166 1653 419 1725 Imposita
442 1653 579 1707 haud
603 1673 828 1726 unquam
856 1654 1041 1708 misera
1064 1652 1333 1708 formidine
1358 1653 1566 1725 privet?

166 1723 319 1779 Adde
343 1742 497 1796 super
522 1724 690 1788 dictis,
718 1724 855 1795 quod
880 1743 984 1779 non
1006 1724 1170 1780 levius
1194 1723 1364 1779 valeat
1386 1749 1398 1780 ι
1437 1742 1554 1778 nam

170 1795 289 1849 Sive
315 1795 533 1849 vicarius
559 1801 657 1861 est,
683 1796 770 1867 qui
795 1814 944 1851 servo
970 1800 1134 1866 paret,
1160 1795 1241 1849 uti
1266 1813 1376 1849 mos

170 1866 357 1920 Vester
376 1866 567 1932 ait‚seu
585 1884 890 1929 conservus3
915 1867 1011 1921 tibi
1033 1865 1155 1937 quid
1175 1884 1288 1920 sum
1308 1866 1438 1936 ego?
1465 1863 1670 1937 Nempe
1691 1866 1759 1918 80

170 1936 265 2001 Tu,
292 1936 417 1991 mihi
442 1937 530 2009 qui
556 1936 835 2019 imperitas,
860 1937 945 1991 alii
970 1936 1130 1992 servis
1156 1936 1310 1991 miser
1335 1944 1491 2006 atque

171 2005 392 2062 Duccris
417 2014 477 2061 ut
503 2026 673 2062 nervis
699 2008 873 2062 alienis
899 2007 1085 2062 mobile
1108 2006 1321 2077 lignum.

174 2077 427 2136 Quisnam
452 2078 610 2149 igitur
635 2078 800 2133 liber?
864 2079 1095 2148 Sapiens,
1123 2078 1221 2131 sibi
1248 2076 1336 2147 qui
1359 2075 1677 2147 imperiosus,

173 2148 338 2217 Quem
353 2167 520 2218 neque
540 2149 806 2220 pauperies
822 2168 986 2221 neque
1003 2167 1140 2202 mors
1158 2166 1218 2202 ne
1256 2166 1320 2202 ue
1330 2147 1531 2202 vincula
1546 2150 1759 2212 terrent,

173 2217 500 2290 Responsare
526 2219 866 2291 cupidinibus,
895 2226 1224 2275 contemnere
1285 2236 1466 2273 onores

172 2288 362 2356 Fortis,
390 2294 443 2345 et
466 2290 521 2344 in
545 2309 599 2344 se
624 2290 736 2362 ipso
761 2294 922 2354 totus,
947 2293 1087 2344 teres
1111 2294 1266 2359 atque
1290 2288 1559 2356 rotundae,

174 2358 391 2414 Externi
415 2379 479 2415 ne
505 2361 631 2431 quid
656 2360 822 2415 valeat
848 2380 937 2431 per
960 2360 1072 2423 leve
1097 2359 1300 2426 morari,

173 2429 242 2484 In
301 2449 417 2485 uem
441 2449 621 2486 manca
643 2431 750 2486 ruit
775 2450 974 2502 semper
998 2431 1220 2485 fortuna.
1294 2431 1520 2485 Potesne

174 2449 361 2556 Exclus
385 2505 447 2556 ut
469 2501 732 2583 proprium
760 2501 882 2574 quid
907 2502 1155 2556 noscere?
1216 2501 1457 2573 Quinque
1481 2499 1677 2556 talenta

176 2571 354 2627 Poscit
378 2576 431 2626 te
457 2572 655 2638 muller,
682 2578 837 2627 vexat
863 2572 1164 2643 foribusque
1188 2572 1452 2643 repulsum
1693 2571 1762 2624 90

173 2641 450 2699 Perfundit
473 2642 659 2712 gelida,
684 2662 865 2698 rursus
890 2647 1074 2709 vocat,
1106 2642 1249 2715 eripe
1274 2640 1418 2713 turpi

840 2745 862 2773 ⁴1
890 2741 1090 2778 metuens
