2031 2952
279 120 348 169 84

852 151 860 158 .
925 111 1221 166 HORA'ru

419 228 758 287 Delectabere
781 231 921 286 tibiae

490 301 676 356 Mixtis
699 301 1006 357 carminibus
1033 318 1138 356 non
1162 300 1274 357 sine
1297 302 1475 359 fistula
1488 326 1504 371 ;

420 370 537 427 Illic
560 371 641 426 bis
664 372 813 443 pueri
835 371 919 427 die

490 440 704 498 Numen
728 461 846 498 cum
869 442 1065 499 teneris
1089 443 1377 516 virginibus
1401 447 1554 499 tuum

420 511 720 568 Laudantes
743 512 875 585 pede
899 513 1118 569 candido

492 582 561 638 Iu
586 601 780 638 morem
808 583 1001 639 Salium
1026 588 1108 638 ter
1131 585 1365 655 quatient
1389 584 1620 641 humum.

422 652 516 708 Me
539 671 635 708 nec
659 654 849 709 femina
871 672 968 709 nec
991 673 1124 726 puer

490 723 528 778 J
528 742 609 777 am
631 742 728 780 nec
753 742 871 806 spes
895 725 1052 780 animi
1076 724 1286 780 credula
1308 726 1495 794 mutui,

422 793 539 850 Nec
564 799 762 849 certare
780 799 931 867 Juvat
956 813 1115 862 mero,

494 865 610 923 Nec
632 865 825 921 vincire
848 867 995 921 novis
1021 871 1255 937 tempora
1277 867 1508 923 floribus·

425 934 525 989 Sed
551 953 646 991 cur
668 935 786 1002 heu,
812 935 1079 1008 Ligurine,
1105 955 1200 992 cur

492 1005 675 1061 Manat
699 1025 814 1062 rara
837 1025 976 1062 meas
1001 1006 1210 1062 lacrima
1233 1027 1327 1081 per
1349 1009 1550 1080 genas?

314 1096 320 1107 ·
423 1075 531 1132 Cur
553 1076 777 1133 facunda
797 1096 977 1149 parum
1003 1076 1192 1133 decoro

495 1147 643 1203 Inter
664 1146 822 1202 verba
842 1146 981 1203 cadit
1002 1147 1183 1219 lingua
1205 1148 1452 1205 silentio?

423 1216 712 1273 Nocturnis
735 1236 833 1289 ego
859 1217 1071 1273 somniis

408 1319 426 1336 ·
494 1288 530 1343 J
532 1307 611 1342 am
636 1292 845 1359 captum
870 1292 1042 1354 teneo,
1059 1288 1170 1370 jam
1191 1288 1452 1345 volucrem
1479 1306 1665 1362 sequor

425 1358 500 1414 Te
523 1377 614 1428 per
636 1359 869 1429 gramina
891 1356 1075 1413 Marti1

494 1428 691 1501 Campi,
716 1433 771 1485 te
796 1448 890 1501 per
913 1447 1092 1502 aquas,
1116 1447 1259 1502 oure,
1284 1428 1552 1488 volubiles.

504 1649 818 1707 CARMEN
856 1651 1082 1708 II.--An
1120 1668 1311 1707 summ
1345 1627 1659 1709 auronum.

426 1767 738 1822 anmmm
762 1766 991 1840 quisquis
1017 1766 1194 1822 studet
1218 1765 1461 1833 aemulari,

429 1838 465 1893 J
467 1838 565 1903 ule,
586 1839 772 1894 ceratis
796 1856 893 1907 ope
918 1836 1167 1893 Daedalea

431 1908 639 1964 Nititur
659 1908 844 1980 pennis
867 1906 1034 1963 vitreo
1058 1909 1276 1982 daturus

566 1978 794 2034 Nomina
815 1984 992 2051 ponto,

430 2048 614 2105 Monte
640 2049 915 2105 decurrens
938 2048 1083 2104 velut
1106 2047 1287 2114 amnis,
1315 2047 1503 2103 imbres

428 2120 594 2189 Quem
618 2139 774 2193 super
795 2125 946 2176 notas
971 2119 1142 2175 aluere
1166 2118 1320 2189 ripas,

428 2191 616 2246 Fervet
639 2192 1021 2262 immensusque
1045 2190 1152 2245 ruit
1174 2187 1431 2262 profundo

567 2262 821 2317 Pindarus
846 2280 951 2327 ore,

431 2331 637 2388 Laurea
660 2332 927 2388 donandus
950 2329 1253 2404 Apollinari,

431 2402 539 2457 Seu
559 2421 652 2475 per
677 2403 895 2459 audaces
917 2421 1054 2458 nova
1076 2400 1424 2474 dithyrambos

430 2472 611 2527 Verba
630 2473 856 2530 devolvit
880 2472 1208 2545 numerisque
1232 2473 1397 2528 fertur

572 2544 718 2615 Lege
741 2544 955 2611 solutis3

434 2613 540 2669 Seu
563 2613 705 2669 Deos
729 2632 942 2685 regesve
967 2612 1124 2678 canit,
1149 2612 1379 2669 Deorum

437 2683 769 2755 Sanguinem,
796 2703 890 2755 per
914 2702 1043 2756 quos
1068 2683 1298 2739 cecidere
1318 2685 1459 2756 justa

1803 727 1878 782 30

1805 1432 1883 1489 40

1820 2402 1897 2457 10
