2031 2952
544 137 830 190 EPODON
860 139 1073 189 CARM.
1106 142 1318 191 10—12.
1634 142 1740 198 117

203 253 316 312 Ubi
337 253 448 310 haec
471 270 683 310 severus
707 258 761 310 te
786 255 955 327 palam
978 254 1323 323 laudaveram,

274 326 309 381 J
313 344 463 380 ussus
488 325 627 380 abire
652 325 859 381 domum
884 327 1083 382 ferebar
1105 328 1304 383 incerto
1330 324 1461 398 pede
1665 330 1733 385 20

203 396 290 453 Ad
314 413 419 451 non
444 396 649 461 amicos,
677 397 808 452 heu!
850 398 975 453 mihi
1036 404 1175 453 ostes
1202 403 1256 452 et
1281 397 1412 452 heu!

275 467 481 522 Limina
505 466 646 532 dura,
675 467 858 539 quibus
886 469 991 523 lum
1029 488 1087 524 os
1113 473 1167 524 et
1194 469 1383 540 infregi
1405 467 1560 526 latus.

202 538 364 595 Nunc
388 537 656 607 gloriantis
683 539 963 610 quamlibet
992 538 1346 595 mulierculam

272 609 497 664 Vincere
523 608 738 662 mollitie
764 627 906 663 amor
931 610 1140 680 Lycisci
1166 628 1248 664 me
1272 613 1453 678 tenet;

202 678 360 735 Unde
382 678 622 751 expedire
648 698 752 734 non
779 680 1056 735 amicorum
1121 683 1279 735 ueant

276 749 469 805 Libera
492 749 705 804 consilia
728 769 825 805 nec
851 760 1095 806 contume
1119 753 1178 806 iae
1200 769 1401 822 graveS,

181 820 311 877 ·Sed
334 820 465 875 alius
488 819 639 875 ardor
664 827 754 875 aut
781 820 965 892 puellae
990 822 1222 877 candidae

274 892 387 946 Aut
410 891 595 948 teretis
623 892 771 961 pueri
793 891 1000 964 longam
1027 891 1326 948 renodantis
1353 910 1567 949 comam.

308 1131 624 1190 CARMEN
660 1134 929 1191 XH.-m
965 1148 1131 1190 Arum
1169 1149 1554 1192 mammosam.

204 1243 357 1314 Qun>
382 1244 481 1301 tibi
503 1245 600 1311 via,
626 1246 811 1302 mulier
834 1246 997 1328 nigris
1025 1245 1076 1301 di
1116 1245 1327 1300 nissima
1348 1244 1556 1303 barris?

274 1315 499 1371 Munera
557 1316 648 1371 uid
672 1317 797 1372 mihi
822 1317 1008 1388 quidve
1035 1323 1091 1371 ta
1126 1315 1251 1371 ellas

200 1385 379 1442 Mittis
403 1404 500 1441 nec
562 1405 671 1442 rmo
691 1388 873 1468 juveni
897 1406 1064 1460 neque
1091 1387 1229 1442 naris
1255 1385 1464 1444 obesae?

274 1457 515 1530 Namque
542 1476 777 1530 sagacius
803 1478 940 1514 unus
965 1457 1169 1525 odoror,

203 1527 433 1600 Polypus
459 1548 526 1583 an
548 1529 721 1599 gravis
746 1529 961 1584 hirsutis
987 1528 1143 1584 cubet
1167 1528 1342 1586 hircus
1366 1529 1422 1585 in
1446 1530 1559 1598 alia,

273 1598 446 1658 Quam
472 1599 614 1654 canis
640 1617 774 1666 acer,
801 1599 891 1655 ubi
915 1598 1074 1654 lateat
1100 1618 1204 1654 sus,

200 1667 334 1739 Quis
360 1669 519 1725 sudor
547 1670 697 1725 vietis
723 1677 777 1726 et
803 1689 956 1742 quam
981 1669 1149 1725 malus
1173 1668 1401 1742 undique
1425 1670 1669 1728 membris

273 1741 469 1796 Crescit
494 1740 637 1807 odor,
666 1760 825 1813 quum
885 1759 978 1797 ene
1006 1742 1178 1796 soluto

202 1809 513 1867 Indomitam
540 1816 782 1884 properat
807 1831 864 1866 ra
900 1813 998 1867 iem
1026 1811 1204 1867 sedare
1226 1832 1241 1877 ;
1277 1830 1446 1884 neque
1470 1812 1546 1869 illi

272 1882 305 1936 J
309 1900 390 1935 am
415 1887 588 1937 manet
613 1882 823 1938 humida
848 1887 990 1938 creta
1014 1883 1255 1954 colorque
1662 1886 1733 1940 10

176 1971 183 2000 a
205 1951 443 2008 Stercore
468 1953 672 2008 fucatus
699 1953 964 2020 crocodili,
984 1953 1193 2025 jamque
1218 1952 1452 2009 subando

273 2024 442 2078 Tenta
465 2024 653 2079 cubilia
675 2029 917 2095 tectaque
942 2024 1167 2094 rumpit!

201 2092 307 2149 Vel
328 2112 444 2149 mea
468 2113 628 2165 quum
655 2094 802 2148 saevis
829 2094 991 2174 agitat
1015 2092 1221 2148 fastidia
1243 2092 1446 2150 verbis:

278 2169 311 2193 ‘⁶
328 2164 543 2219 Inachia
565 2164 779 2237 langues
805 2182 973 2218 minus
999 2182 1059 2218 ac
1084 2183 1195 2231 me3

206 2234 472 2290 Inachiam
496 2240 579 2289 ter
603 2240 758 2291 nocte
783 2240 948 2306 poteS‚
975 2235 1103 2289 mihi
1126 2251 1330 2306 semper
1353 2234 1419 2289 ad
1441 2252 1606 2289 unum

276 2304 455 2360 Mollis
482 2324 630 2377 opus.
703 2305 892 2359 Pereat
916 2305 1064 2371 male,
1091 2324 1205 2376 quae
1230 2311 1283 2358 te

204 2375 397 2432 Lesbia
422 2375 671 2447 quaerenti
694 2380 904 2431 taurum
929 2376 1237 2430 monstravit
1262 2374 1513 2444 inertem3

276 2446 451 2516 Quum
475 2445 602 2500 mihi
625 2447 761 2501 Cous
786 2445 990 2501 adesset
1015 2448 1286 2519 AmyntaS,

208 2517 369 2572 Cu‘us
393 2517 449 2570 in
472 2516 724 2572 indomito
749 2514 1073 2571 constantior
1097 2517 1307 2587 inguine
1331 2536 1522 2575 nervus

328 2604 445 2641 uam
470 2603 602 2640 nova
625 2586 841 2642 collibus
864 2586 1019 2641 arbor
1041 2586 1269 2642 inhaeret.
1664 2588 1733 2644 20

209 2654 501 2713 Muricibus
525 2656 697 2727 Tyriis
722 2658 921 2711 iteratae
943 2656 1136 2712 vellera
1157 2656 1288 2714 lanae

280 2725 382 2782 Cui
403 2725 846 2798 properabamus?
907 2726 1023 2783 Tibi
1047 2746 1248 2801 nempe,
