2031 2952
232 137 333 186 138
882 136 1177 187 HORATII

231 250 443 308 Dixeris
467 269 581 306 esse
605 250 733 306 satis
754 270 768 316 ;
802 269 984 322 neque,
1013 251 1058 306 si
1083 252 1171 324 qui
1196 252 1386 309 scribat
1410 253 1492 309 uti
1515 273 1610 311 nos

235 322 470 378 Sermoni
493 322 746 393 propiora,
771 326 924 393 putes
948 322 1087 377 hunc
1111 341 1225 378 esse
1249 330 1471 395 poetam.

233 392 510 464 Ingenium
537 392 622 448 cui
647 392 732 458 sit,
758 393 844 447 cui
866 411 1012 448 mens
1039 393 1256 448 divinior
1279 399 1333 449 at
1371 414 1436 451 ue
1462 414 1520 452 os
1548 444 1555 464 ,

233 462 432 544 Magna
456 467 774 527 sonaturum,
802 463 892 518 des
918 464 1139 519 nominis
1163 464 1318 537 hujus
1380 484 1605 522 onorem.

233 533 441 590 Idcirco
465 533 688 606 quidam,
714 533 964 589 comoedia
985 553 1149 590 necne
1175 540 1358 608 poema
1413 540 1418 557 '

233 603 408 670 Esset,
471 604 748 671 uaesivere3
788 604 927 676 quod
951 623 1069 660 acer
1092 605 1307 676 spiritus
1332 626 1392 663 ac
1415 607 1496 663 vis

232 675 351 730 Nec
374 694 465 730 ver
499 674 543 729 is
567 693 664 729 nec
687 675 842 730 rebus
866 675 1019 741 inest,
1047 677 1145 732 nisi
1171 678 1306 748 quod
1331 677 1462 751 pede
1487 682 1631 734 certo

233 744 425 801 Differt
451 744 688 810 sermoni,
716 755 882 799 sermo
907 765 1095 802 merus„
1174 750 1296 803 “At
1319 753 1467 820 pater
1491 750 1689 806 ardens.

176 862 200 880 .,
238 815 416 883 Saevit,
444 815 583 887 quod
606 816 877 871 meretrice
900 835 1064 889 nepos
1089 817 1299 873 insanus
1323 819 1487 875 amica

235 886 398 942 Filius
424 904 637 941 uxorem
664 885 846 958 grandi
871 905 988 942 cum
1015 888 1137 944 dote
1162 894 1382 956 recuset,
1757 891 1825 945 50

235 957 426 1026 Ebrius
450 962 518 1023 et,
547 976 595 1011 m
701 976 786 1012 um
813 957 949 1029 quod
974 958 1215 1024 dedecuS,
1240 959 1469 1016 ambulet
1494 964 1613 1017 ante

235 1028 464 1083 Noctem
486 1046 605 1082 cum
648 1027 873 1083 acibusss’
947 1029 1220 1100 Numquid
1242 1031 1558 1102 Pomponius
1581 1032 1697 1088 istis

235 1098 458 1153 Audiret
481 1097 689 1164 leviora,
717 1103 866 1170 pater
889 1098 933 1154 si
956 1099 1193 1156 viveret}>
1264 1101 1408 1171 Ergo

234 1169 364 1224 Non
389 1168 515 1225 satis
540 1173 622 1224 est
682 1169 790 1243 uris
815 1188 1026 1224 versum
1050 1170 1367 1242 perscribere
1391 1172 1579 1240 νει-δίε,
1616 1179 1623 1187 ’

236 1240 404 1308 Quem
430 1242 476 1295 si
498 1187 764 1307 dissoiiraS,
790 1240 957 1312 quivis
981 1242 1334 1325 stomacbetur
1358 1243 1539 1298 eodem

236 1311 1242 1455 3332pgissssssssisssssaiiicfliissf'erffl}
1262 1331 1367 1438 §5⁰
1394 1333 1508 1384 ‘³¹¹ae
1531 1330 1686 1381 ’ω’
1701 1385 1825 1512 gest,

236 1453 493 1525 Tempora
515 1456 658 1508 certa
680 1451 962 1525 modosque
987 1459 1057 1521 et,
1117 1454 1223 1511 uod
1244 1453 1389 1527 prius
1415 1453 1596 1512 ordine
1613 1473 1703 1513 ver
1745 1478 1824 1510 um

236 1523 507 1580 Posterius
531 1523 706 1590 faciae,
733 1543 838 1595 pree
875 1542 1035 1580 onens
1118 1526 1242 1580 tima
1264 1526 1459 1599 primia,

237 1596 381 1661 Non,
408 1600 469 1650 ut
493 1593 538 1649 si
564 1594 747 1659 solvere,
779 1600 813 1623 “
872 1600 1111 1667 ostquam
1134 1596 1411 1652 Discordia
1433 1600 1574 1652 tetra
1761 1600 1829 1653 60

238 1665 374 1723 Belli
397 1664 616 1720 ferratos
640 1673 820 1737 postes
845 1671 1124 1738 portasque
1148 1667 1415 1738 refregit,”

237 1737 481 1794 Invenias
507 1735 658 1791 etiam
686 1735 891 1807 disjecti
915 1738 1144 1792 membra
1167 1742 1352 1807 poetae.

237 1810 514 1867 Hactenus
538 1807 676 1861 haec:
715 1806 855 1873 aliaS,
876 1806 1080 1877 justum
1106 1808 1173 1863 sit
1197 1826 1360 1864 necne
1421 1812 1585 1878 oema,

237 1882 398 1937 Nunc
422 1876 549 1933 illud
573 1880 776 1932 tantum
803 1896 1043 1950 quaeram‚
1069 1878 1320 1934 meritone
1343 1879 1387 1933 ti
1425 1881 1441 1934 i
1466 1880 1536 1935 sit

241 1954 342 2008 Sus
381 1954 551 2005 ectum
576 1967 741 2020 genus
766 1950 866 2005 hoc
891 1948 1161 2005 scribendi.
1235 1948 1437 2005 Sulcius
1463 1969 1581 2005 acer

238 2023 341 2079 Am
378 2021 490 2077 ulat
513 2024 566 2074 et
593 2020 823 2090 Caprius,
848 2021 993 2076 rauci
1018 2020 1148 2075 male
1173 2039 1394 2092 cumque
1419 2020 1620 2086 libellis,

239 2094 469 2165 Magnus
492 2096 711 2162 uterque
735 2091 888 2145 timor
911 2090 1200 2146 latronibus
1216 2113 1242 2158 ;Δ
1268 2099 1324 2146 at
1349 2092 1480 2147 bene
1506 2092 1551 2147 si
1575 2089 1691 2165 quis

239 2165 312 2221 Et
335 2166 478 2220 vivat
500 2162 644 2234 puris
670 2162 924 2228 manibuS,
953 2166 1247 2218 contemnat
1272 2165 1570 2235 utrumque.

240 2236 321 2292 Ut
345 2235 415 2292 sis
437 2239 496 2289 tu
521 2232 702 2288 similis
726 2232 850 2288 Caeli
874 2234 1009 2289 Birri
1050 2251 1113 2288 ue
1135 2233 1409 2300 latronum,

240 2307 366 2362 Non
390 2324 487 2377 ego
511 2301 627 2360 sum
653 2303 810 2376 Capri
833 2323 998 2375 neque
1064 2303 1194 2361 ulci:
1233 2322 1327 2360 cur
1349 2309 1551 2359 metuas
1575 2304 1698 2360 me?
1768 2304 1834 2358 70

243 2376 405 2432 Nulla
428 2376 645 2432 taberna
667 2395 809 2431 meos
836 2376 1021 2431 habeat
1046 2393 1213 2447 neque
1236 2374 1342 2447 pila
1364 2374 1580 2440 libellos,

242 2448 374 2517 Quis
398 2464 579 2502 manus
603 2445 812 2503 insudet
835 2446 979 2518 vulgi
1001 2446 1201 2501 Hermo
1268 2445 1450 2517 nisque
1474 2445 1692 2516 Tigelli:

242 2519 361 2574 Nec
383 2517 548 2572 recito
572 2519 810 2590 cuiquam
834 2518 935 2572 nisi
960 2517 1153 2584 amiciS,
1179 2516 1199 2571 i
1236 2535 1335 2589 que
1359 2523 1589 2582 coactus,

242 2589 369 2643 Non
393 2587 561 2643 ubivis
586 2606 821 2643 coramve
847 2587 1180 2661 quibuslibet.
1257 2592 1290 2616 “
1305 2587 1373 2642 In
1395 2586 1564 2642 medio
1589 2585 1679 2658 qui

245 2659 450 2730 Scripta
473 2658 584 2713 soro
608 2659 847 2727 recitent,
871 2663 993 2715 sunt
1020 2658 1171 2714 multi
1197 2658 1386 2730 quique
1411 2658 1660 2715 lavantes.

245 2730 417 2787 Suave
440 2728 587 2785 locus
610 2730 728 2786 voci
749 2739 958 2787 resonat
983 2731 1316 2787 conclusus..”
1389 2730 1581 2786 Inanes
