2031 2952
259 137 364 197 mo
868 136 1161 188 HORATII

256 257 362 313 Sed
385 256 527 313 videt
548 256 688 313 hunc
712 256 876 313 omnis
900 256 1082 312 domus
1105 262 1159 314 et
1182 256 1369 314 vicinia
1390 260 1506 314 tota

260 326 553 382 lntrorsum
579 336 801 398 turpem,
829 329 1114 400 speciosum
1140 328 1275 400 pelle
1300 328 1498 385 decora.

260 401 294 426 ‘⁶
311 398 426 454 Nec
451 399 646 453 furtum
671 400 769 454 feci
792 417 889 454 nec
912 399 1074 468 fugi,'’
1101 399 1145 454 si
1169 399 1292 454 mihi
1315 400 1452 456 dicat

260 468 469 537 Servus,
499 474 533 498 “
548 469 727 524 Habes
752 469 990 541 pretium,
1017 469 1139 524 loris
1164 488 1267 524 non
1290 471 1506 536 ureris,'’
1532 470 1629 526 ai0.

253 543 296 567 “
310 538 434 594 Non
451 539 707 594 hominem
726 539 940 606 occidi.'’
992 545 1025 569 “
1041 542 1088 594 N
1093 558 1158 594 on
1176 559 1352 612 pasces
1372 541 1426 595 in
1443 559 1591 597 cruce
1606 541 1828 597 corvos?

260 613 294 638 ‘⁶
310 609 436 664 Sum
461 609 627 665 bonus
652 614 706 665 et
729 610 917 681 frugi.”
991 609 1188 665 Renuit
1214 611 1509 683 negitatque
1538 612 1803 668 Sabellus:

257 679 458 736 Cautus
482 681 616 736 enim
644 682 829 735 metuit
855 681 1051 737 foveam
1076 681 1244 753 lupus,
1269 682 1609 765 accipiterque
1773 686 1848 738 50

259 749 543 822 Suspectos
567 751 792 823 laqueos,
819 755 873 806 et
898 757 1135 822 opertum
1159 753 1346 807 miluus
1370 752 1592 809 hamum.

257 819 495 876 Oderunt
519 839 731 894 peccare
756 821 876 877 boni
898 822 1108 878 virtutis
1134 841 1304 878 amore
1326 843 1340 887 ;

256 890 341 946 Tu
362 891 491 947 nihil
513 891 756 947 admittes
779 892 834 947 in
857 897 910 947 te
935 892 1206 948 formidine
1231 911 1418 965 poenae:

259 961 340 1018 Sit
365 976 483 1035 spes
507 962 728 1028 fallendi,
755 964 991 1019 miscebis
1018 982 1163 1021 sacra
1185 964 1440 1035 profanis3

257 1031 396 1088 Nam
423 1035 489 1088 de
513 1033 652 1089 mille
677 1033 807 1088 faboe
832 1033 1013 1088 modiis
1041 1053 1198 1106 quum
1224 1035 1356 1089 surri
1394 1034 1438 1089 is
1462 1052 1640 1101 unum,

256 1102 519 1159 Damnum
544 1110 639 1170 est,
665 1121 773 1159 non
794 1104 1011 1172 facinuS,
1039 1105 1163 1158 mihi
1187 1113 1340 1176 pacto
1383 1104 1529 1160 enius
1555 1106 1673 1160 isto,

257 1171 355 1228 Vir
373 1173 555 1241 bonus,
577 1192 725 1230 omne
750 1174 919 1229 forum
943 1192 1091 1246 quem
1119 1180 1319 1247 spectat
1344 1181 1397 1230 et
1421 1194 1570 1230 omne
1594 1174 1839 1242 tribunal,

260 1243 690 1317 Quandocunque
705 1244 856 1300 ·Deos
881 1245 964 1299 vel
986 1263 1143 1317 porco
1166 1244 1250 1301 vel
1273 1245 1403 1301 bove
1427 1246 1613 1318 placat,

261 1317 297 1341 “
312 1314 347 1368 J
348 1332 444 1369 ane
470 1317 667 1384 pater,''
693 1314 843 1382 clare,
871 1315 1006 1371 clare
1031 1334 1189 1387 quum
1213 1316 1359 1383 dixit,
1388 1321 1422 1345 “
1436 1316 1679 1389 Apoll0‚‘’

255 1383 433 1440 ‘Labra
455 1391 627 1440 movet
651 1391 886 1441 metuens
910 1386 1090 1453 audiri,
1119 1392 1152 1415 “
1166 1387 1389 1442 Pulchra
1412 1386 1663 1453 Laverna,
1774 1387 1846 1441 60

256 1454 343 1511 Da
364 1454 490 1510 mihi
514 1455 702 1522 fallere,
730 1456 796 1512 da
811 1457 956 1529 justo
981 1460 1261 1530 sanctoque
1283 1458 1460 1523 videri,

258 1526 483 1582 Noctem
509 1528 736 1598 peccatis
759 1534 812 1582 et
839 1527 1103 1583 fraudibus
1128 1528 1293 1600 objice
1316 1529 1504 1584 nubem
1521 1529 1570 1584 !’‘

256 1597 363 1666 Qui
385 1596 565 1652 melior
587 1615 751 1663 servu,
778 1598 868 1674 qui
890 1597 1098 1653 liberior
1121 1600 1190 1654 sit
1213 1616 1412 1666 avarus,

258 1667 327 1723 In
349 1666 515 1722 triviis
539 1666 699 1722 fixum
725 1686 883 1740 quum
907 1687 962 1724 se
986 1667 1215 1724 demittit
1240 1669 1308 1725 ob
1332 1688 1514 1736 assem,

258 1736 386 1793 Non
408 1736 559 1792 video
582 1756 598 1803 3
633 1756 750 1792 nam
777 1739 865 1811 qui
889 1739 1082 1809 cupiet,
1109 1744 1308 1795 metuet
1332 1759 1570 1812 quoque3
1605 1757 1776 1812 porro,

257 1808 365 1877 Qui
387 1811 625 1863 metuens
649 1809 805 1875 vivet,
832 1808 961 1864 liber
983 1810 1109 1865 mihi
1132 1828 1235 1866 non
1260 1812 1357 1866 erit
1380 1830 1619 1883 unquam.

259 1877 494 1934 Perdidit
519 1896 673 1944 arma,
700 1878 872 1934 locum
896 1880 1107 1936 virtutis
1131 1880 1373 1948 deseruit,
1401 1887 1492 1955 qui

260 1950 377 2003 Sem
417 1968 473 2004 er
494 1949 551 2003 in
573 1950 808 2020 augenda
830 1952 1039 2007 festinat
1064 1956 1118 2006 et
1143 1952 1379 2008 obruitur
1400 1971 1472 2008 re.

257 2018 377 2075 Ven
414 2037 499 2075 ere
523 2038 683 2091 quum
709 2020 873 2092 possis
898 2022 1173 2091 captivum,
1200 2023 1430 2079 occidere
1453 2022 1590 2092 noli3

259 2089 462 2145 Serviet
485 2091 713 2146 utiliter:
753 2092 862 2146 sine
886 2099 1065 2162 pascat
1089 2093 1250 2147 durus
1273 2103 1501 2166 aretque,
1777 2096 1849 2155 ‘70

256 2159 488 2232 Naviget
512 2179 573 2217 ac
598 2161 777 2217 mediis
801 2161 991 2217 hiemet
1015 2168 1270 2218 mercator
1292 2164 1347 2218 in
1371 2164 1554 2233 undis3

258 2233 494 2287 Annonae
517 2232 712 2303 prosit3
750 2237 922 2313 portet
945 2232 1204 2290 frumenta
1225 2253 1389 2306 penus
1427 2253 1507 2290 ue.

256 2298 354 2355 Vir
378 2300 549 2357 bonus
573 2306 627 2356 et
650 2321 856 2373 saplens
880 2303 1089 2359 audebit
1115 2305 1299 2371 dicere,
1328 2310 1360 2334 “
1422 2306 1628 2372 entheu,

258 2369 459 2427 Rector
482 2372 786 2439 Thebarum,
814 2373 939 2445 quid
962 2393 1045 2429 me
1070 2375 1297 2446 perferre
1321 2376 1429 2471 pati
1464 2394 1531 2431 ue
1692 2376 1845 2450 [rem,

256 2440 538 2512 Indignum
560 2460 714 2513 coges
730 2444 788 2498 P’'
842 2444 1129 2498 “Adimam
1154 2445 1319 2501 bona?
1391 2450 1423 2475 “
1496 2466 1644 2520 empe
1667 2466 1847 2521 pecus,

255 2509 466 2575 Lectos,
493 2518 795 2583 argentum:
833 2513 985 2569 tollas
1008 2513 1182 2570 licet.”
1257 2516 1372 2571 “In
1394 2520 1606 2575 manicis
1632 2532 1686 2575 et

257 2580 607 2652 Compedibus
632 2601 768 2638 saevo
793 2588 848 2638 te
872 2583 970 2639 sub
995 2583 1213 2639 custode
1236 2586 1475 2642 teneb0.”

258 2648 431 2720 “Ipse
456 2650 620 2716 Deus,
644 2653 796 2708 simul
819 2658 974 2725 atque
1001 2655 1183 2721 volam,
1209 2674 1292 2713 me
1316 2657 1534 2713 solvet.”
1610 2659 1825 2733 Opinor‚

256 2719 379 2794 Hoc
402 2723 593 2777 sentit:
631 2722 863 2790 Moriar3
900 2743 1040 2780 mors
1062 2724 1248 2781 ultima
1269 2728 1405 2784 linea
1426 2746 1594 2785 rerum
1623 2744 1722 2787 cst.
1846 2739 1855 2744 '

1829 540 1851 568 2
