2031 2952
255 131 356 185 226
919 128 1218 181 HORA'I'II
1400 134 1433 157 ⁴

267 245 372 316 Qui
396 246 506 304 tam
528 242 805 306 ridiculum
829 246 935 302 tam
956 264 1072 302 care
1095 244 1343 319 prodigus
1367 244 1510 314 emit,

262 317 454 374 Edicto
479 317 665 383 vetuit,
693 336 760 373 ne
819 316 900 373 uis
926 337 982 374 se
1007 321 1198 388 proeter
1221 316 1461 388 Apellem

257 389 507 460 Pingeret
532 392 623 444 aut
650 337 1041 459 aliusqusippo
1066 386 1280 444 duceret
1303 407 1406 445 aera
1759 393 1867 448 240

262 460 435 515 Fortis
458 458 743 517 Alexandri
767 459 969 516 vultum
994 459 1302 515 simulantia.
1322 481 1353 489 ··
1378 458 1535 529 Quod
1560 459 1605 514 si

260 529 524 587 «Iudicium
551 530 743 586 subtile
768 529 1001 585 videndis
1029 529 1227 585 artibus
1250 529 1380 585 illud

256 601 341 656 Ad
366 600 524 656 libros
550 604 603 655 et
630 600 695 655 ad
720 601 829 657 haec
855 601 1125 656 Musarum
1153 601 1288 655 dona
1311 618 1538 667 vocareS,

256 671 499 729 Boeotum
525 671 582 728 in
604 690 778 728 crasso
798 671 1003 742 jurares
1029 675 1144 726 aere
1169 675 1366 727 natum.

257 744 332 798 At
358 761 525 815 neque
551 741 863 801 dedecorant
885 745 981 796 tua
1005 741 1068 796 de
1094 760 1150 796 se
1169 741 1365 812 judicia
1387 745 1547 813 atque

260 813 503 880 Munera,
524 832 641 885 quae
663 812 827 868 multa
850 811 1023 867 dantis
1047 830 1167 868 oum
1189 812 1341 867 laude
1363 811 1600 870 tulerunt

262 884 456 940 Dilecti
478 884 578 939 tibi
601 883 852 954 Virgilius
875 883 1173 954 Variusque
1197 887 1398 953 poetae3

255 955 369 1010 Nec
395 954 558 1025 magis
585 954 820 1024 expressi
843 955 1023 1009 vultus
1048 972 1142 1027 per
1167 958 1326 1009 aenea
1351 953 1514 1036 signa,

253 1025 422 1094 Quam
447 1043 541 1095 per
566 1025 699 1081 vatis
725 1043 859 1094 opus
885 1042 1054 1080 mores
1079 1024 1339 1096 animique
1361 1043 1592 1081 virorum

254 1096 527 1151 Clarorum
552 1099 822 1166 apparent.
897 1095 1015 1150 Nec
1041 1113 1303 1151 sermones
1327 1114 1430 1167 ego
1452 1095 1654 1155 mallem
1756 1099 1865 1169 250

253 1166 521 1236 Repentes
549 1185 642 1235 per
665 1166 881 1221 humum
909 1185 1064 1238 quam
1087 1184 1173 1221 res
1197 1184 1510 1240 componere
1536 1171 1726 1238 gestas,

251 1237 630 1308 Terrarumque
654 1236 788 1292 situs
814 1240 868 1290 et
893 1235 1106 1291 fiumina
1131 1236 1300 1292 dicere
1324 1241 1377 1291 et
1404 1255 1548 1292 arces

252 1306 526 1363 Montibus
552 1307 821 1377 impositas
848 1310 901 1361 et
927 1306 1146 1362 barbara
1168 1325 1332 1378 regna
1354 1306 1562 1378 tuisque

252 1376 515 1448 Auspiciis
538 1381 712 1439 totum
739 1377 977 1434 confecta
1001 1377 1174 1432 duella
1268 1396 1293 1431 r
1317 1377 1509 1444 orbem,

254 1447 465 1503 Claustr
531 1467 597 1504 ue
620 1448 891 1506 custodem
918 1448 1062 1519 pacis
1087 1449 1202 1504 cohi
1241 1448 1379 1504 entia
1401 1448 1594 1504 Janum

251 1519 324 1574 Et
350 1519 500 1576 sormi
537 1522 675 1576 atam
696 1520 907 1575 Parthis
933 1524 985 1574 te
1011 1520 1247 1590 principe
1276 1520 1514 1587 Romam,

255 1590 325 1656 Si,
379 1592 629 1662 quantum
676 1608 937 1661 cuperem,
961 1609 1197 1665 ,possem
1245 1608 1452 1662 quoquo
1476 1614 1491 1658 3
1552 1589 1646 1647 sed
1691 1608 1866 1663 neque

393 1679 611 1731 parvum

254 1730 476 1787 Carmen
500 1730 739 1802 majestas
765 1731 954 1802 recipit
977 1734 1075 1787 tua
1095 1749 1194 1787 nec
1217 1750 1363 1788 meus
1389 1731 1548 1788 audet
1656 1658 1709 1744 (-

253 1802 389 1858 Rem
411 1807 614 1858 tentare
640 1799 820 1872 pudor,
849 1820 1001 1873 quam
1028 1802 1164 1858 vires
1188 1802 1323 1858 ferre
1347 1805 1606 1859 recusent.

254 1873 511 1930 Sedulitas
537 1877 727 1939 autem,
756 1872 918 1928 stulte
944 1890 1097 1945 quem
1122 1873 1308 1946 diligit,
1336 1877 1507 1946 urget,
1618 1888 1657 1919 0
1754 1875 1864 1930 260

253 1944 522 2015 Praecipue
547 1962 705 2015 quum
732 1962 787 1999 se
812 1943 1039 1999 numeris
1063 1943 1390 2001 commendat
1414 1949 1468 2001 et
1495 1948 1636 2002 artaz

251 2014 424 2070 Discit
450 2014 589 2070 enim
614 2014 768 2070 citius
793 2015 1129 2086 meminitque
1151 2014 1400 2071 libentius
1425 2015 1573 2081 illud,
1987 2066 1994 2069 .

252 2085 404 2153 Quod
431 2085 546 2156 quis
573 2085 789 2152 deridet,
816 2104 968 2157 quam
993 2083 1133 2156 quod
1157 2086 1344 2156 probat
1371 2090 1425 2143 et
1451 2088 1743 2141 veneratur.
1791 2088 2014 2157 ’ἕξ-ῥ’»

213 2178 220 2183 ·
252 2155 346 2210 Nil
368 2173 542 2212 moror
566 2155 805 2221 officium,
834 2155 975 2228 quod
999 2174 1080 2211 me
1105 2161 1304 2227 gravat,
1332 2176 1393 2215 ac
1417 2176 1588 2230 neque
1612 2156 1675 2212 fio
1710 2144 1764 2229 25¹
1819 2148 2006 2233 {15:52-

250 2225 319 2279 In
343 2228 494 2295 peJus
519 2226 673 2280 vultu
698 2226 921 2296 proponi
946 2244 1127 2282 cereus
1152 2245 1390 2299 usquam,
1817 2260 1822 2265 ι
1849 2256 1856 2261 ·
1901 2258 1908 2269 ·-
1965 2232 1982 2271 ἴ
2011 2243 2028 2255 ··

249 2294 367 2350 Nec
388 2314 551 2365 prave
576 2295 730 2352 factis
755 2295 983 2351 decorari
1007 2296 1247 2352 versibus
1272 2302 1417 2366 opta,

250 2365 335 2420 Ne
362 2365 574 2420 rubeam
602 2366 784 2437 pingui
809 2366 1033 2422 donatus
1058 2385 1269 2422 munere
1295 2371 1350 2422 et
1374 2386 1478 2422 una

251 2434 383 2488 Cum
411 2435 666 2505 scriptore
690 2454 804 2492 meo
828 2454 984 2505 capsa
1010 2441 1281 2505 porrectus
1307 2443 1504 2507 aperta,

248 2503 468 2559 Deferar
493 2505 551 2560 in
572 2506 743 2563 vioum
769 2507 1081 2561 vendentem
1104 2506 1229 2559 thus
1255 2511 1309 2562 et
1335 2508 1520 2564 odores

248 2572 321 2631 Et
345 2574 494 2650 piper
519 2579 573 2633 et
599 2576 849 2657 quidquid
873 2576 1067 2635 chartis
1091 2576 1329 2638 amicitur
1354 2577 1562 2656 ineptis,
