2031 2952
266 95 383 151 '170
931 93 1229 146 HORATII

283 212 516 284 Porrigis
540 212 676 268 irato
699 230 864 284 puero
888 231 1049 284 quum
1071 231 1239 285 poma,
1262 213 1472 268 recusat

286 289 320 312 “
342 285 513 349 Sume,
539 283 723 340 catelle
741 286 791 339 !”
852 285 1058 354 Negat3
1099 285 1144 339 si
1168 302 1273 338 non
1298 283 1405 350 des,
1432 283 1610 355 optet:
1651 286 1891 338 amator

256 354 546 410 'Exclusus
572 355 663 425 qui
687 354 863 421 distat,
891 353 999 426 agit
1025 354 1116 409 ubi
1141 373 1331 419 secum,
1359 358 1459 418 eat,
1486 372 1554 408 an
1575 370 1697 419 non,
1799 356 1929 411 260

285 426 408 484 Quo
434 425 696 480 rediturus
721 429 832 480 erat
856 444 964 479 non
988 428 1286 490 arcessitus,
1314 430 1368 478 et
1391 423 1553 479 haeret

285 492 478 551 Invisis
503 495 742 552 foribus?
784 501 816 525 “
833 497 948 551 Nec
971 515 1111 551 nunc
1130 496 1170 562 Β,
1200 514 1359 567 quum
1384 513 1466 549 me
1490 498 1642 549 vocat
1669 493 1848 562 ultr-0,

285 564 582 622 Accedam?
619 585 686 621 an
708 566 884 638 potius
909 566 1131 622 mediter
1154 566 1300 620 finire
1327 564 1569 620 dolores?

286 635 527 692 Exclusit
543 659 558 703 3
594 641 835 694 revocat:
872 637 1117 693 redeam?
1161 637 1301 702 Non,
1330 636 1375 691 si
1398 634 1685 692 obsecret.”
1755 636 1918 694 Ecce

288 707 480 761 Servus
505 724 612 762 non
635 707 807 779 paullo
832 708 1146 780 sapientior:
1189 712 1223 735 “
1243 708 1292 763 O
1317 706 1453 773 here,
1481 725 1595 778 quae
1618 726 1701 763 res
1946 703 1962 711 ’

287 776 406 833 Nec
431 777 639 833 modum
662 777 818 834 habet
842 797 1008 849 neque
1035 778 1317 843 consilium,
1345 778 1544 833 ratione
1569 777 1841 847 modoque

287 847 523 904 Tractari
545 867 648 903 non
672 848 801 904 vult.
874 849 942 903 In
965 866 1138 904 amore
1164 849 1272 904 haec
1297 854 1420 903 sunt
1443 847 1592 914 mala,
1622 847 1844 915 bellum,

286 918 402 973 Pax
424 927 662 975 rursum:
700 918 810 974 haec
835 919 881 974 si
905 920 1020 989 quis
1045 919 1368 991 tempestatis
1394 936 1553 990 prope
1578 917 1686 973 ritu

224 1048 228 1052 ,
287 988 508 1045 Mobilia
532 994 584 1045 et
609 1008 746 1045 caeca
764 989 1024 1044 fluitantia
1049 995 1189 1045 sorte
1213 989 1409 1045 laboret
2010 1000 2012 1101 4

286 1059 530 1115 Reddere
554 1064 698 1116 certa
721 1059 833 1126 sibi,
861 1060 1021 1115 nihilo
1047 1060 1162 1130 plus
1188 1060 1424 1132 explicet,
1451 1078 1511 1116 ac
1537 1059 1582 1116 si
1787 1061 1910 1120 270

289 1128 527 1185 Insanire
553 1135 699 1200 paret
725 1136 867 1185 certa
892 1131 1090 1185 ratione
1116 1129 1422 1201 modoque.”

289 1199 446 1270 Quid,
473 1220 631 1273 quum
657 1200 862 1256 Picenis
889 1219 1169 1273 excerpens
1196 1201 1390 1256 semina
1412 1199 1577 1271 pomis

291 1270 515 1339 GaudeS,
541 1271 588 1326 si
611 1289 858 1327 cameram
888 1272 1116 1341 percusti
1140 1271 1290 1339 forte,
1314 1289 1473 1343 penes
1498 1276 1552 1325 te
1576 1271 1671 1327 es?

289 1341 445 1410 Quid,
473 1360 634 1412 quum
659 1341 808 1397 balba
831 1341 952 1396 feris
978 1359 1173 1396 annoso
1198 1341 1355 1397 verba
1376 1341 1565 1413 palato,

287 1412 601 1468 AEdificante
623 1430 767 1468 casas
796 1413 885 1484 qui
911 1413 1120 1467 sanior?
1181 1413 1332 1467 Adde
1356 1430 1590 1468 cruorem

292 1483 541 1539 Stultitiae
563 1487 719 1555 atque
743 1483 914 1555 ignem
940 1483 1111 1555 gladio
1136 1489 1382 1539 scrutare.
1449 1482 1628 1551 Modo,
1657 1485 1896 1557 inquam,

289 1553 515 1610 Hellade
541 1572 787 1624 percussa
811 1554 1011 1609 Marius
1038 1573 1198 1626 quum
1221 1554 1511 1626 praecipitat
1536 1574 1606 1621 se,

291 1624 527 1680 Cel-ritus
553 1624 693 1679 fuit?
729 1642 796 1678 an
820 1630 1088 1680 commotae
1111 1626 1321 1681 crimine
1347 1625 1535 1679 mentis

290 1694 546 1751 Absolves
572 1693 830 1749 hominem
855 1702 909 1750 et
935 1696 1142 1750 sceleris
1169 1695 1431 1750 damnabis
1456 1695 1691 1761 eundem,

289 1765 376 1822 Ex
399 1783 540 1820 more
564 1765 832 1836 imponens
859 1771 1082 1837 cognata
1106 1766 1355 1822 vocabula
1377 1765 1572 1821 rebus?
1782 1768 1896 1824 280

290 1835 595 1891 Libertinus
619 1841 744 1900 erat,
773 1835 862 1906 qui
886 1836 1080 1891 circum
1106 1837 1331 1908 compita
1355 1836 1523 1891 siccus

289 1906 477 1962 Lautis
502 1924 649 1961 mane
675 1924 834 1961 senex
859 1906 1093 1962 manibus
1111 1907 1373 1982 currebat,
1401 1911 1471 1972 et,
1500 1911 1533 1935 “
1551 1906 1820 1971 Unum,—

291 1977 432 2045 Quid
454 1981 561 2032 tam
587 1978 869 2047 magnum?
905 1976 1349 2044 addens,-unum
1372 1996 1454 2031 me
1478 1977 1675 2047 surpite
1697 1981 1888 2037 morti!

290 2047 391 2103 Dis
416 2047 608 2102 etenim
631 2047 778 2102 facile
804 2049 936 2115 est‚’'
962 2048 1143 2103 orabat
1165 2070 1179 2114 ;
1215 2067 1369 2103 sanus
1394 2048 1627 2119 utrisque

291 2117 522 2175 Auribus
548 2126 703 2190 atque
728 2118 891 2173 oculis
913 2141 927 2185 ;
964 2124 1205 2183 mentem,
1232 2119 1333 2173 nisi
1356 2118 1629 2189 litigiosus,

291 2188 571 2259 Exciperet
590 2187 844 2255 dominus,
861 2207 1020 2260 quum
1039 2189 1302 2244 venderet.
1341 2190 1460 2244 Hoc
1479 2206 1681 2261 quoque
1695 2188 1886 2263 vulgus
2011 2205 2012 2244 l

294 2258 618 2340 Chrysippus
642 2260 790 2330 ponit
815 2259 1034 2315 fecunda
1056 2260 1111 2314 in
1124 2266 1289 2384 §ente
1315 2260 1544 2315 Meneni.

295 2334 332 2360 “
347 2328 570 2398 Jupiter,
595 2334 837 2400 ingentes
861 2330 950 2401 qui
975 2329 1066 2385 das
1091 2349 1122 2384 a
1158 2330 1374 2400 imisque
1400 2329 1636 2397 dolores,’

292 2398 470 2453 Mater
492 2399 566 2453 ait
589 2399 738 2469 pueri
762 2418 964 2455 menses
983 2399 1091 2471 jam
1115 2400 1339 2471 quinque
1366 2400 1620 2469 cubantis,

296 2472 332 2497 “
349 2467 561 2539 Frigida
583 2468 629 2523 si
651 2487 868 2539 puerum
895 2475 1147 2540 quartana
1168 2469 1449 2541 reliquerit,
1477 2472 1566 2526 illo
1781 2473 1888 2531 290

293 2535 454 2591 Mane
482 2537 578 2603 die,
606 2556 709 2608 quo
734 2544 795 2594 tu
817 2539 1001 2595 indicis
1021 2540 1230 2611 jejunia,
1256 2540 1427 2594 nudus

292 2606 366 2663 In
387 2606 561 2663 Tiberi
584 2607 795 2664 stabit.'’
870 2612 1033 2665 Casus
1058 2609 1352 2673 medicusve
1374 2610 1559 2668 levarit

963 2705 983 2735 ¹¹
1009 2705 1077 2746 Ne
1094 2715 1211 2745 nunc
