2031 2952
642 140 1134 191 EPISTOLARUM
1169 140 1212 191 1.
1248 144 1327 193 18.
1687 141 1786 194 215

194 253 416 310 Munere
438 257 492 310 te
515 271 674 326 parvo
697 254 816 311 beet
840 258 930 311 aut
954 255 1309 312 incommodus
1333 257 1507 328 angat.

193 324 409 394 Qualem
435 325 776 392 commendes,
795 326 950 381 etiam
975 332 1130 399 atque
1156 326 1312 381 etiam
1328 326 1554 399 adspice,
1571 345 1636 383 ne
1661 346 1782 383 mox

193 394 463 451 Incutiant
488 395 653 451 aliena
673 395 770 452 tibi
789 400 1005 484 peccata
1028 396 1293 467 pudorem.

192 465 438 521 Fallimur
461 470 515 521 et
539 467 796 537 quondam
820 486 923 523 non
947 466 1159 537 dignum
1184 467 1461 523 tradimus:
1498 486 1625 540 ergo

196 535 359 602 Quem
384 554 481 592 sua
504 537 655 608 culpa
676 542 891 609 premet,
918 537 1374 609 deceptus·omitte
1399 539 1553 606 tueri,

192 606 273 662 Ut
296 607 502 679 penitus
527 613 723 673 notum,
750 608 796 663 si
810 618 831 641 ⁸
854 612 1061 664 tentent
1085 608 1311 674 crimina,
1338 626 1513 665 serves
1717 610 1787 665 80

192 676 502 748 Tuterisque
528 683 621 732 tuo
645 678 888 734 fidentem
914 678 1183 750 praesidi03
1222 679 1314 750 qui
1348 683 1352 688 '

191 746 365 803 Dente
389 747 655 804 Theonino
680 768 841 820 quum
865 749 1276 815 circumroditur,
1303 749 1487 820 ecquid

191 818 279 874 Ad
301 822 357 874 te
379 823 499 890 post
524 818 696 890 paullo
721 825 939 875 ventura
964 820 1191 890 pericula
1215 820 1417 875 sentis?

191 888 331 944 Nam
355 894 449 944 tua
470 908 553 945 res
644 889 768 957 itur,
793 891 961 961 paries
986 910 1145 962 quum
1172 890 1434 962 proximus
1460 888 1626 957 ardet,

190 958 264 1015 Et
289 960 525 1031 neglecta
548 978 605 1015 so
626 965 715 1015 ent
738 960 974 1016 incendia
996 979 1198 1016 sumere
1222 961 1376 1017 vires.

190 1029 376 1085 Dulcis
399 1030 682 1100 inexpertis
707 1031 910 1087 cultura
932 1032 1161 1103 potentis
1185 1031 1367 1090 amici:

192 1100 455 1173 Expertus
481 1100 682 1157 metuit.
754 1102 850 1168 Tu,
878 1101 998 1156 dum
1025 1109 1117 1157 tua
1139 1102 1284 1158 navis
1308 1102 1363 1157 in
1389 1099 1494 1158 alto
1519 1107 1618 1170 est,

189 1171 312 1227 Hoc
334 1189 448 1242 age,
473 1189 538 1226 ne
563 1175 763 1227 mutata
784 1176 1069 1228 retrorsum
1092 1177 1146 1228 te
1170 1173 1302 1228 ferat
1328 1191 1469 1230 aura.

190 1241 428 1296 Oderunt
453 1242 667 1297 hilarem
688 1243 867 1298 tristes
892 1243 1197 1315 tristemque
1217 1243 1397 1315 jocosi,

191 1311 440 1367 Sedatum
464 1312 673 1379 celereS,
700 1313 881 1383 agilem
907 1332 1233 1385 gnavumque
1257 1313 1476 1382 remissi,
1717 1317 1786 1372 90

188 1382 410 1438 Potores
464 1386 629 1439 bibuli
650 1386 817 1439 media
842 1386 902 1439 de
925 1390 1068 1439 nocte
1090 1387 1307 1440 Falerni

193 1455 425 1509 Oderunt
474 1459 712 1526 porrecta
734 1464 1004 1527 negantem
1032 1454 1233 1527 pocula,
1261 1454 1497 1529 quamvis

189 1525 493 1581 Nocturnos
512 1524 657 1597 jures
680 1529 736 1580 te
759 1526 1031 1581 formidare
1057 1544 1287 1598 vapores.

187 1595 355 1651 Deme
381 1596 652 1666 supercilio
677 1595 863 1652 nubem
884 1617 899 1662 ;
935 1596 1235 1670 plerumque
1260 1597 1527 1654 modestus

188 1667 428 1739 Occupat
452 1665 659 1722 obscuri
683 1667 920 1738 speciem,
945 1668 1239 1724 taciturnus
1264 1668 1451 1725 acerbi.

186 1736 339 1793 Inter
361 1741 553 1794 cunct-a
574 1737 714 1809 leges
739 1744 793 1793 et
854 1738 1185 1795 ercontabere
1210 1739 1408 1807 doctoS,

190 1807 307 1874 Qua
329 1808 529 1863 ratione
554 1826 710 1880 queas
735 1813 815 1863 tra
852 1827 1003 1865 ucere
1028 1809 1211 1864 leniter
1234 1829 1401 1865 oevum
1422 1829 1437 1875 3

187 1878 333 1934 Num
357 1883 411 1934 te
437 1897 637 1950 semper
662 1879 812 1951 inops
835 1879 997 1951 agitet
1021 1885 1278 1952 vexetque
1305 1879 1511 1952 cupido,

188 1948 334 2004 Num
356 1968 518 2021 pavor
541 1953 595 2005 et
619 1967 792 2004 rerum
816 1950 1138 2005 mediocriter
1162 1951 1365 2005 utilium
1391 1969 1529 2022 speS,

187 2018 454 2075 Virtutem
478 2019 713 2075 doctrina
734 2023 897 2091 paret,
925 2026 1176 2076 naturane
1201 2020 1374 2086 donet,
1678 2021 1783 2076 100

187 2087 330 2157 Quid
353 2089 551 2145 minuat
575 2109 741 2155 curaS,
770 2089 894 2161 quid
916 2095 971 2145 te
995 2090 1092 2145 tibi
1114 2090 1297 2145 reddat
1323 2090 1560 2155 amicum,

187 2158 329 2228 Quid
350 2178 480 2231 pure
504 2160 822 2231 tranquillet,
849 2160 1013 2217 honos
1039 2180 1106 2216 an
1129 2160 1280 2216 dulce
1302 2161 1562 2227 lucellum,

186 2231 275 2285 An
299 2235 555 2285 secretum
578 2231 677 2285 iter
701 2234 754 2285 et
779 2230 1002 2285 fallentis
1029 2231 1211 2285 semita
1234 2232 1373 2287 vitae.

186 2299 281 2355 Me
306 2301 510 2372 quoties
535 2300 700 2356 reficit
725 2299 927 2380 gelidus
950 2300 1200 2372 Digentia
1222 2301 1381 2368 rivus,
1529 2358 1535 2364 ,

190 2369 355 2436 Quem
382 2370 626 2426 Mandela
648 2369 798 2437 bibit,
825 2389 1046 2440 rugosus
1072 2371 1263 2442 frigore
1290 2390 1469 2444 pagus,

186 2440 327 2509 Quid
352 2441 544 2496 sentire
571 2442 762 2511 putas?
801 2441 925 2511 quid
950 2441 1132 2509 crediS‚
1161 2441 1339 2509 amiee,
1365 2442 1563 2514 precari

189 2510 269 2565 Sit
294 2511 435 2578 mihi,
461 2510 601 2583 quod
622 2529 763 2566 nunc
787 2516 883 2576 est,
911 2511 1066 2567 etiam
1088 2512 1258 2567 minus
1279 2533 1294 2578 3
1329 2518 1384 2567 et-
1409 2513 1533 2567 mihi
1560 2513 1727 2571 vivam

186 2580 341 2650 Quod
367 2585 604 2654 superest
629 2582 742 2647 aevi,
769 2581 813 2637 si
838 2581 961 2653 quid
985 2601 1051 2637 su
1087 2600 1257 2637 eresse
1282 2583 1463 2638 volunt
1488 2584 1561 2639 Di
1574 2607 1590 2652 3

189 2652 271 2708 Sit
287 2651 429 2731 ,bona
450 2652 699 2709 librorum
723 2658 778 2708 et
801 2652 1022 2724 provisae
1167 2653 1212 2709 is
1236 2653 1293 2710 in
1314 2673 1506 2710 annum

827 2756 844 2776 ·
867 2750 1038 2789 notum.
1091 2748 1137 2789 Si
