2031 2952
582 135 664 184 CA
672 134 872 182 RMEN
907 135 1277 184 SECULARE.

274 253 375 309 Ter
398 253 479 308 die
506 252 642 309 claro
666 252 922 323 totiesque
946 259 1095 323 grata

418 324 591 379 Nocte
618 324 927 394 frequentes

280 395 391 450 Vos
428 413 494 450 ue
517 412 725 449 veraces
751 393 1012 457 cecinisse,
1039 392 1231 457 Parcae,

275 465 394 534 Quo
456 467 609 521 semel
633 464 833 520 dictum
857 468 937 518 est
961 462 1263 532 stabilisque
1287 479 1461 518 rerum

279 537 550 592 Terminus
576 540 763 601 servat,
792 533 927 589 bona
943 534 1052 606 jam
1076 533 1299 604 peractis

419 607 452 661 J
456 606 633 678 ungite
660 606 779 661 sata.

276 676 484 732 Fertilis
508 678 712 748 frugum
738 675 1037 748 pecorisque
1062 674 1236 732 Tellus

285 748 319 800 S
357 748 466 802 icea
489 746 645 802 donet
671 748 903 803 Cererem
929 764 1151 812 corona3

333 818 528 873 utriant
552 818 692 873 fetus
716 823 769 873 et
795 835 938 889 aquae
963 816 1195 871 salubres

419 888 490 944 Et
514 888 547 942 J
550 889 661 943 ovis
686 907 836 943 aurae.

279 959 500 1015 Condito
524 959 663 1014 mitis
683 958 1019 1040 placidusque
1040 958 1150 1012 telo

283 1030 356 1084 Su
394 1030 552 1102 plices
578 1029 699 1086 audi
720 1046 924 1101 pueroS,
951 1028 1174 1099 Apollo;

282 1100 335 1155 S·
377 1120 519 1155 erum
547 1102 724 1173 regina
747 1098 984 1165 bicornis„
1012 1099 1151 1165 audi,

422 1172 590 1237 Luna,
620 1170 838 1242 puellas:

283 1242 450 1298 Roma
473 1243 517 1296 si
540 1248 771 1296 vestrum
797 1246 878 1296 est
904 1260 1051 1310 opuS,
1077 1241 1294 1313 Iliaeque

278 1312 436 1369 Litus
460 1312 738 1367 Etruscum
760 1316 974 1366 tenuere
997 1317 1198 1376 turmae,

283 1385 443 1439 Jussa
465 1402 582 1452 pars
608 1387 806 1435 mutare
830 1381 961 1436 lares
986 1392 1039 1435 et
1064 1381 1244 1436 urbem

421 1453 625 1525 Sospite
649 1471 821 1518 cursu,
1065 1474 1070 1480 ·

285 1524 385 1581 Cui
409 1543 502 1598 per
526 1525 787 1579 ardentem
814 1524 923 1578 sine
948 1521 1127 1577 fraude
1151 1523 1355 1595 Trojam

297 1596 488 1651 Castus
513 1595 704 1650 AEneas
728 1594 906 1666 patriae
931 1601 1194 1664 superstes

299 1666 545 1723 Liberum
573 1665 789 1720 munivit
813 1665 913 1719 iter
937 1664 1150 1719 daturus

426 1737 584 1792 Plura
606 1736 827 1791 relictis:

287 1806 375 1872 Di,
401 1808 590 1880 probos
616 1826 782 1862 mores
809 1807 961 1863 docili
980 1809 1228 1878 juventae,

210 1933 217 1938 .
287 1877 375 1943 Di,
402 1878 662 1935 senectuti
684 1877 893 1950 placidae
918 1878 1159 1949 quietem,

287 1948 524 2005 Romulae
548 1950 691 2020 genti
716 1948 833 2004 date
858 1967 1068 2019 remque
1091 1947 1387 2020 prolemque

425 2020 497 2075 Et
522 2020 678 2075 decus
703 2037 853 2074 omne
874 2021 885 2074 1

295 2092 523 2163 Quaeque
548 2109 640 2145 vos
669 2089 828 2145 bobus
854 2092 1127 2143 veneratur
1151 2086 1277 2142 albis

293 2162 470 2216 Clarus
496 2160 735 2215 Anchisae
759 2160 1081 2231 Venerisque
1108 2157 1331 2228 sanguiS,

288 2230 557 2304 Impetret,
586 2230 805 2286 bellante
828 2231 983 2301 prior,
1005 2230 1266 2301 jacentem

430 2302 588 2357 Lenis
613 2302 668 2355 in
692 2301 906 2356 hostem.

291 2375 330 2427 J
333 2392 412 2428 am
438 2373 566 2427 mari
589 2377 829 2442 terraque
854 2391 1036 2426 manus
1061 2374 1303 2442 potentes

291 2443 481 2498 Medus
506 2443 832 2513 Albanasque
856 2442 1004 2496 timet
1031 2459 1267 2506 secures;

294 2515 408 2568 Jam
438 2513 640 2585 Scythae
666 2531 913 2582 responsa
935 2519 1122 2584 petunt
1148 2510 1355 2582 superbi

434 2584 619 2655 Nuper
643 2590 697 2639 et
728 2582 858 2637 [ndi.

295 2654 330 2709 J
333 2673 411 2708 am
436 2654 590 2709 Fides
616 2663 669 2709 et
694 2655 806 2708 Pax
830 2659 883 2708 et
911 2652 1094 2707 Honos
1118 2652 1396 2726 Pudorque

293 2725 503 2780 Priscus
528 2732 582 2780 et
606 2724 844 2796 neglecta
870 2723 1034 2779 redire
1059 2725 1243 2779 Virtus

1626 138 1723 186 103

1659 743 1731 801 30

1672 2159 1739 2211 50
