2031 2952
303 156 378 208 40

953 152 1250 201 HORATII

655 266 966 326 CARMEN
1001 267 1217 322 X.—An
1253 283 1540 324 nemum.

445 364 697 422 Ram-ms
719 365 878 432 vives,
904 362 1091 429 Licini,
1118 362 1286 436 neque
1309 365 1472 419 altum

447 437 658 507 Semper
680 435 912 508 urgendo
935 452 1121 505 neque,
1149 434 1271 489 dum
1294 434 1544 507 procellas

446 506 645 563 Cautus
669 507 936 572 horresciS,
960 504 1174 560 nimium
1199 505 1479 577 premendo

581 578 740 634 Litus
762 578 1012 648 iniquum.

447 649 672 703 Auream
696 648 928 720 quisquis
940 644 1361 702 'mediocritatem

444 717 513 773 D·
540 718 551 729 '
591 718 648 784 it,
672 722 822 774 tutus
844 720 986 775 caret
1011 714 1233 771 obsoleti

447 788 544 844 Sor
581 789 696 845 ibus
719 788 864 855 tecti,
890 790 1031 843 caret
1055 786 1332 842 invidenda

584 858 797 915 Sobrius
819 858 951 914 aula·

445 927 641 999 Saepius
664 930 832 985 ventis
855 930 1086 1001 agitatur
1110 930 1291 1001 ingens

443 1000 624 1067 PinuS,
649 1005 704 1056 et
727 1000 877 1056 celsae
901 999 1135 1071 graviore
1161 1018 1287 1055 casu

441 1070 707 1127 Decidunt
730 1075 917 1136 turres,
941 1070 1232 1143 feriuntque
1256 1087 1483 1125 summos

494 1145 498 1150 ’
582 1140 813 1214 Fulgura
833 1145 1053 1196 montes·

444 1211 482 1267 S
518 1216 629 1267 erat
651 1212 871 1279 infestis,
894 1210 1081 1266 metuit
1105 1211 1346 1267 secundis

512 1292 675 1353 teram
699 1287 891 1339 sortem
915 1282 1046 1338 bene
1069 1287 1411 1353 praeparatum

441 1353 655 1410 Pectus,
725 1354 978 1410 Informes
1003 1353 1197 1409 hiemes
1220 1352 1425 1409 reducit

579 1425 801 1497 Jupiter,
826 1424 962 1481 idem

443 1496 757 1552 Summovet.
830 1495 970 1561 Non,
995 1496 1040 1551 si
1063 1495 1195 1551 male
1218 1514 1370 1562 nunc,
1397 1498 1451 1551 et
1475 1495 1598 1551 olim

442 1568 529 1623 Sic
551 1566 666 1622 erit.
737 1566 1007 1637 Quondam
1032 1566 1228 1622 cithara
1249 1571 1506 1623 tacentem

442 1637 673 1695 Suscitat
697 1656 894 1692 musam
917 1655 1083 1708 neque
1107 1655 1309 1709 semper
1332 1656 1507 1693 arcum

577 1706 762 1764 Tendit
787 1707 988 1790 Apollo.

441 1777 622 1834 Rebus
647 1782 881 1851 angustls
906 1778 1165 1834 animosus
1190 1781 1346 1852 atque

441 1848 617 1905 Fortis
641 1867 827 1920 appare
843 1871 858 1916 ;
895 1850 1154 1921 sapienter
1167 1849 1313 1905 idem

444 1918 734 1975 Contrahes
757 1924 912 1975 vento
935 1921 1149 1977 nimium
1173 1918 1400 1976 secundo

576 1989 805 2061 Turgida
827 1989 955 2046 vela.

620 2134 936 2191 CARMEN
972 2136 1221 2192 XL—n)
1257 2153 1563 2203 Qumrnm.

507 2230 659 2301 Qun)
683 2230 958 2289 bellicosus
984 2233 1243 2289 Cantaber
1267 2237 1321 2289 et
1347 2232 1582 2305 ScytheS,

507 2302 732 2374 Hirpine
757 2303 956 2372 Quinti,
985 2304 1198 2375 cogitet,
1225 2302 1431 2359 Hadria

576 2372 795 2428 Divisus
819 2373 1043 2446 object0,
1069 2374 1304 2429 remittas

646 2443 888 2514 Quaerere
912 2462 1010 2500 nec
1033 2444 1258 2516 trepides
1281 2444 1336 2499 in
1359 2464 1512 2500 usum

507 2511 779 2568 Poscentis
805 2514 900 2569 aevi
923 2532 1104 2586 pauca.
1176 2515 1337 2595 Fugit
1362 2520 1503 2572 retro

505 2581 664 2637 Levis
690 2583 922 2639 'uventas
947 2590 1000 2640 et
1026 2584 1193 2651 decor,
1220 2585 1362 2640 anda

575 2653 651 2707 Pe
691 2658 809 2708 ente
834 2653 1052 2709 lascivos
1078 2673 1276 2709 amores

646 2722 849 2778 Canitie
874 2723 1176 2795 facilemque
1202 2742 1454 2781 somnum.

1828 999 1928 1053 10*

1824 1691 1984 1767 20'
