2031 2952
296 139 363 186 98

346 436 373 451 q

943 129 1237 180 HORATII

507 249 696 304 Doctae
720 247 936 317 psallere
964 247 1107 301 Chiae

580 319 815 373 Pulchris
840 317 1064 372 excubat
1086 318 1142 370 in
1167 315 1331 385 genis.

445 392 780 461 Importunus
805 389 938 443 enim
963 386 1251 443 transvolat
1275 384 1442 441 aridas

328 530 334 534 ι
442 462 691 530 QuercuS,
719 465 773 514 et
797 459 990 531 refugit
1015 470 1085 524 te,
1113 458 1233 528 quia
1257 456 1410 511 luridi

513 530 730 596 DenteS,
757 535 811 586 te
838 531 958 602 quia
979 548 1123 600 rugze

584 602 817 673 Turpant
843 609 895 655 et
921 601 1104 666 capitis
1130 599 1272 653 nives
1286 621 1301 664 ;

446 662 557 727 Nec
583 672 705 726 Coae
729 672 959 727 referunt
977 671 1084 743 jam
1107 670 1206 725 tibi
1229 687 1469 740 purpurae

446 744 561 798 Nec
587 743 710 796 clari
733 742 927 812 lapides
952 746 1199 813 tempora,
1226 758 1342 811 quae
1366 739 1524 794 semel

516 813 670 867 Notis
695 813 902 868 condita
926 811 1075 867 fastis

590 884 812 939 Inclusit
838 883 1063 938 volucris
1089 881 1212 936 dies.

448 955 567 1023 Quo
593 954 729 1025 fugit
755 955 953 1018 VenuS,
980 954 1097 1018 heu,
1125 970 1291 1024 quove
1318 950 1458 1005 color
1483 949 1669 1007 decens
1686 950 1753 1007 ¹¹?

451 1027 565 1091 Quo
591 1026 802 1078 motus?
840 1024 966 1094 quid
989 1023 1146 1078 habes
1172 1022 1324 1087 illius,
1352 1021 1508 1088 illius,

520 1096 651 1165 Quae
677 1094 902 1166 spirabat
928 1112 1142 1158 amoreS,

483 1203 488 1207 -
592 1165 725 1233 Quas
749 1185 831 1220 me
855 1172 1129 1235 surpuerat
1154 1163 1294 1228 mihi,

460 1235 603 1291 Felix
627 1241 747 1307 post
774 1236 1024 1299 Cinaram,
1052 1239 1275 1306 notaque
1302 1241 1354 1292 et
1380 1238 1569 1292 artium

462 1308 732 1361 Gratarum
762 1306 954 1361 facies?
995 1304 1099 1360 Sed
1122 1305 1321 1363 Cinarae
1345 1307 1527 1364 breves

526 1379 706 1432 Annos
731 1377 837 1430 fata
861 1376 1129 1443 dederunt,

601 1448 880 1502 Servatura
905 1446 991 1501 diu
1017 1465 1186 1518 parem

460 1518 688 1574 Cornicis
712 1519 901 1573 vetulae
925 1519 1241 1588 temporibus
1269 1522 1464 1591 Lycen,

460 1591 683 1645 Possent
708 1596 767 1643 ut
787 1589 1006 1660 juvenes
1032 1589 1195 1646 visere
1222 1592 1401 1647 fervidi

531 1659 705 1716 Multo
729 1678 832 1714 non
858 1659 967 1714 sine
991 1659 1103 1714 risu

601 1730 864 1802 Dilapsam
889 1730 946 1784 in
968 1730 1167 1786 cineres
1192 1732 1367 1789 facem.

615 2012 929 2068 CARMEN
967 2014 1266 2070 XIV—An
1303 2031 1623 2071 Aucusruu.

469 2114 608 2183 QUAE
633 2134 754 2172 cura
777 2123 983 2189 patrum
1010 2139 1190 2191 quaeve
1216 2121 1492 2187 Quiritium

469 2186 641 2241 Plenis
669 2189 918 2244 honorum
942 2190 1241 2246 muneribus
1267 2199 1400 2258 tuaS‚
1447 2211 1454 2220 ·

520 2258 794 2329 Auguste,
821 2260 1045 2316 virtutes
1070 2261 1125 2316 in
1149 2280 1313 2316 aevum

609 2328 710 2382 Per
732 2330 915 2385 titulos
939 2350 1290 2402 memoresque
1316 2333 1477 2388 fastos

470 2395 726 2463 AEternet,
753 2418 800 2465 ο,
831 2419 932 2471 qua
957 2402 1035 2456 sol
1059 2402 1361 2458 habitabiles

473 2466 710 2523 Illustrat
734 2488 864 2535 orae,
893 2472 1110 2526 maxime
1135 2473 1425 2544 principum
1440 2473 1528 2528 !—-

543 2537 706 2606 Quem
734 2540 782 2595 le
821 2541 866 2595 is
893 2548 1131 2611 expertes
1155 2542 1359 2599 Latinae

614 2608 786 2665 Vinde
805 2611 872 2667 ici
898 2611 1121 2667 didicere
1145 2631 1326 2684 nuper,
1447 2611 1462 2628 ⁸

941 2709 960 2735 ‘¹
986 2706 1130 2747 color?
1156 2707 1312 2749 decens

1834 457 1922 513 10

1836 1162 1923 1222 20
