2031 2952
287 133 388 184 130
940 129 1236 181 HORATII

292 260 467 328 Atque
492 257 601 314 haec
624 276 754 324 rara,
782 255 930 313 cadat
955 254 1085 311 dura
1107 256 1245 310 inter
1268 272 1337 309 sae
1375 272 1404 309 e
1428 251 1637 324 pericla.
1813 249 1885 305 40

293 328 400 384 Hic
426 348 481 383 se
506 329 821 401 praecipitem
846 332 988 383 tecto
1013 326 1155 381 dedit
1177 347 1190 390 3
1223 325 1308 380 ille
1370 324 1547 395 agellis

293 398 381 454 Ad
405 404 620 454 mortem
649 418 840 466 caesus;
880 398 1085 469 fugiens
1112 396 1194 457 hic
1219 394 1409 451 decidit
1433 413 1598 450 acrem

293 469 603 525 Praedonum
627 472 683 526 in
704 469 939 535 turbam3
978 467 1123 523 dedit
1146 466 1228 522 hic
1253 483 1345 537 pro
1372 483 1583 537 corpore
1608 480 1844 519 nummos
1865 476 1883 530 ς

291 538 453 596 Hunc
479 541 861 609 perminxerunt
887 538 1120 604 calones;
1159 537 1285 608 quin
1308 535 1462 590 etiam
1486 534 1615 590 illud

291 610 513 676 Accidit,
538 616 599 666 ut
624 611 831 683 quidam
853 613 1017 664 testes
1041 607 1356 678 caudamque
1381 606 1601 661 salacem

292 679 630 736 Demeterent
654 682 805 736 ferro.
880 681 1008 734 Jure
1034 698 1239 735 omnes:
1280 676 1441 732 Galba
1463 677 1703 747 negabat.

295 749 479 806 Tutior
502 757 556 806 at
583 760 775 825 quanto
799 773 941 810 merx
967 762 1048 810 est
1072 753 1125 807 in
1149 751 1310 806 classe
1335 747 1575 814 secunda,

294 820 674 878 Libertinarum
703 825 831 892 dico,
860 825 1134 881 Sallustius
1159 826 1214 881 in
1239 846 1365 899 quas

290 891 420 947 Non
440 894 609 950 minus
633 896 838 980 insanit,
866 917 1013 970 quam
1043 898 1132 969 qui
1156 898 1465 954 moechatur:
1505 901 1559 954 at
1583 895 1667 951 hic
1692 894 1751 961 si,

293 966 1680 1111 3]ᾚέἓὸἙζὲἔῗῖἐὲιῗἳῖῗιῖῖθὶέἓέἓὲῗᾳᾞὲἷῖῗῗςῃω
1813 963 1883 1018 ⁵⁰

294 1107 441 1175 Esse,
471 1110 626 1167 daret.
639 1115 889 1182 quantum
915 1110 1041 1166 satis
1066 1114 1202 1165 esset
1226 1129 1320 1165 nec
1345 1109 1443 1165 sibi
1468 1108 1652 1163 damno

294 1177 649 1253 Dedecorique
675 1183 822 1237 foret.
897 1181 1092 1236 Verum
1120 1181 1217 1237 hoc
1241 1200 1296 1236 se
1321 1180 1651 1253 amplectitur
1672 1196 1792 1243 un0,

295 1248 416 1307 Hoc
443 1257 579 1306 amat
603 1256 656 1308 et
683 1252 856 1308 laudat
878 1277 891 1309 ε
933 1256 966 1308 .“
982 1253 1272 1307 Matronam
1296 1251 1488 1307 nullam
1514 1267 1611 1320 ego
1634 1247 1847 1322 tango.’'

289 1319 369 1375 Ut
395 1323 650 1394 quondam
675 1325 942 1391 Marsaeus,
971 1329 1167 1379 amator
1190 1323 1418 1395 Originis
1442 1321 1547 1385 ille,

289 1390 394 1473 Qui
416 1394 638 1460 patrium
663 1396 830 1452 mimae
855 1396 1012 1452 donat
1036 1394 1351 1467 fundumque
1376 1394 1650 1465 laremque,

288 1460 386 1517 N1l
408 1462 564 1520 fuerit
589 1466 673 1533 mi,
701 1467 886 1539 inquit,
911 1487 1029 1524 cum
1053 1466 1301 1523 uxoribus
1325 1486 1551 1548 unquam
1575 1462 1769 1520 alieniS.

276 1532 490 1594 ‚Verum
517 1541 598 1591 est
623 1556 737 1592 cum
765 1538 948 1604 mimis,
976 1542 1057 1593 est
1082 1557 1197 1594 cum
1222 1537 1594 1601 meretricibus,
1621 1534 1758 1589 unde

287 1601 447 1660 Fama
471 1606 655 1662 malum
682 1610 888 1680 gravius
913 1629 1064 1681 quam
1089 1628 1173 1664 res
1196 1608 1371 1663 trahit.
1446 1609 1530 1663 An
1553 1605 1650 1662 tibi
1674 1603 1878 1660 abunde

288 1675 569 1731 Personam
595 1679 721 1733 satis
746 1683 841 1745 est,
868 1698 974 1734 non
997 1678 1139 1745 illud,
1200 1679 1288 1734 uid
1326 1678 1414 1734 uid
1439 1678 1629 1749 ubique
1808 1677 1878 1731 60

289 1745 480 1814 officit,
508 1747 739 1803 evitare?
777 1749 979 1804 Bonam
1002 1749 1159 1821 deper
1196 1768 1280 1804 ere
1326 1768 1505 1814 amam,

287 1813 424 1871 Rem
442 1819 602 1889 patris
620 1818 877 1885 oblimare,
898 1819 1091 1875 malum
1108 1823 1187 1875 est
1205 1819 1514 1933 ubicunque.
1566 1818 1705 1886 Quid
1720 1817 1879 1873 inter-

287 1892 369 1941 est
392 1887 443 1942 in
469 1893 716 1955 matrona,
743 1890 927 1946 ancilla
949 1908 1197 1961 peccesne
1220 1894 1402 1962 togata
1416 1934 1427 1945 .

287 1956 477 2013 Villius
501 1959 555 2014 in
580 1960 775 2015 Fausta
800 1961 953 2016 Sullae
978 1979 1152 2032 gener,
1176 1959 1275 2016 hoc
1299 1962 1453 2015 miser
1475 1979 1581 2016 uno

288 2026 513 2085 Nomine
539 2029 802 2102 deceptus,
829 2050 1003 2103 poenas
1030 2029 1171 2086 dedit
1194 2050 1359 2103 nsque
1384 2050 1642 2104 superque

293 2097 463 2166 Quam
489 2101 616 2156 satis
642 2106 724 2157 est
748 2102 936 2173 pugnis
962 2120 1125 2157 caesus
1148 2101 1387 2174 ferroque
1414 2103 1624 2173 petitus,

288 2167 550 2251 Exclusus
576 2170 701 2237 fore,
730 2191 886 2244 quum
912 2172 1250 2244 Longarenus
1275 2173 1411 2227 foret
1435 2173 1592 2228 intus.

290 2239 436 2296 Huic
461 2241 506 2297 si
529 2243 759 2298 mutonis
784 2243 953 2299 verbis
978 2243 1112 2298 mala
1134 2245 1283 2298 tanta
1303 2243 1527 2299 videntis

289 2309 500 2367 Diceret
519 2311 629 2368 haec
649 2314 848 2385 animus
866 2338 880 2369 ε
922 2318 955 2342 “
971 2312 1111 2383 Quid
1131 2314 1209 2369 vis
1228 2313 1362 2369 tibi?
1398 2313 1635 2387 nunquid
1656 2329 1754 2387 ego
1774 2332 1804 2368 a
1822 2315 1880 2367 te

287 2378 483 2452 Magno
508 2388 821 2455 prognatum
845 2384 1068 2456 deposco
1093 2384 1303 2441 consule
1327 2403 1554 2440 cunnum
1807 2385 1881 2443 70

288 2448 636 2526 Velatumque
662 2456 808 2521 stola,
835 2474 950 2511 mea
973 2474 1090 2511 cum
1116 2454 1403 2511 conferbuit
1428 2456 1504 2510 ira
1519 2456 1578 2512 ?''

287 2518 424 2587 Quid
450 2524 825 2595 responderet?
866 2527 1113 2600 “Magno
1137 2530 1284 2599 patre
1307 2531 1432 2581 nata
1456 2525 1629 2599 puella
1652 2524 1787 2580 est.”

287 2591 361 2671 At
387 2602 578 2662 quanto
603 2595 811 2652 meliora
835 2602 1011 2653 monet
1035 2597 1421 2670 pugnantiaque
1443 2597 1561 2654 istis

285 2658 449 2739 Dives
474 2664 586 2736 opis
612 2671 796 2722 natura
818 2687 941 2735 suae,
965 2675 1028 2723 tu
1053 2670 1098 2724 si
1119 2668 1271 2724 modo
1294 2673 1436 2725 recte

286 2728 601 2803 Dispensare
625 2736 753 2795 velis
777 2757 838 2796 ac
860 2757 965 2794 non
990 2739 1235 2830 fugienda
1257 2738 1495 2812 petendis
