2031 2952
530 539 602 606 Q.
660 540 1007 600 HORATII
1063 543 1345 603 FLACCI

412 708 522 791 E
596 711 708 790 P
782 711 884 794 O
959 715 1070 793 D
1147 716 1249 798 O
1323 717 1445 797 N

811 883 1056 939 LIBER.

782 1042 825 1047 ,ἢ
844 1036 1080 1054 „W

456 1132 768 1189 CARMEN
806 1134 999 1190 I.—AJ)
1039 1151 1420 1191 Memmi-xm.

281 1251 396 1307 Ims
420 1252 667 1308 Liburnis
690 1253 827 1308 iuter
851 1253 958 1308 alta
981 1254 1206 1322 navium,

350 1324 548 1388 Amice,
575 1324 975 1395 propugnacula,

279 1394 500 1448 Paratus
527 1412 676 1449 omne
702 1394 919 1449 Caesaris
944 1393 1230 1466 periculum

352 1463 552 1530 Subire,
580 1464 854 1530 MaecenaS,
881 1472 991 1520 tuo.

222 1581 252 1610 e
280 1534 421 1605 Quid
445 1536 581 1591 nos?
618 1535 804 1607 quibus
829 1541 884 1590 te
908 1537 1017 1590 vita
1040 1536 1084 1591 si
1109 1538 1389 1610 superstite

351 1605 386 1660 J
387 1605 606 1671 ucunda,
634 1606 678 1660 si
703 1614 897 1671 contra,
924 1609 1111 1679 gravis,

280 1676 542 1732 Utrumne
559 1677 693 1748 jussi
719 1695 1085 1749 persequemur
1110 1680 1290 1750 otium,

348 1747 474 1803 Non
498 1746 664 1813 dulce,
690 1753 745 1803 ni
767 1753 938 1802 tecum
964 1749 1134 1816 simul,

277 1819 360 1872 An
386 1818 525 1874 hunc
546 1818 774 1874 laborem
800 1827 969 1874 mente
993 1820 1166 1887 laturi,
1194 1821 1342 1878 decet

349 1890 466 1959 Qua
487 1890 623 1944 ferre
647 1908 751 1943 non
774 1889 953 1945 molles
976 1892 1157 1947 viros?

279 1960 526 2015 Feremus
550 1967 603 2015 et
627 1966 681 2015 te
707 1960 789 2014 vel
812 1977 903 2032 per
926 1961 1138 2032 Alpium
1155 1967 1301 2035 juga,

348 2030 717 2111 Inhospitalem
743 2038 798 2085 et
824 2032 1131 2099 Caucasum,

278 2100 378 2155 Vel
400 2101 698 2156 Occldentis
722 2118 886 2173 usque
911 2102 976 2156 ad
1000 2104 1241 2158 ultimum
1265 2104 1451 2172 sinum,

349 2172 496 2226 Forti
523 2189 796 2243 sequemur
819 2177 1045 2243 pectore.

276 2243 470 2314 Rogas,
497 2251 647 2298 tuum
671 2243 842 2297 labore
866 2243 990 2314 quid
1009 2245 1188 2315 juvem
1215 2264 1345 2312 me0‚

348 2312 578 2369 lmbellis
603 2330 661 2367 ac
684 2312 862 2367 firmus
886 2317 1109 2385 parum?

279 2383 466 2465 Comes
490 2384 686 2464 minore
711 2402 827 2438 sum
848 2383 1057 2440 futurus
1080 2385 1135 2441 in
1159 2392 1317 2452 metu,

278 2453 1150 2607 Utcaalslsffigffirifflgffirtgztgkpztssis
1175 2527 1283 2583 avis

350 2594 676 2667 Serpentium
701 2596 925 2666 allapsus
949 2602 1101 2652 timet

275 2664 336 2719 M
370 2666 448 2720 vis
474 2665 682 2731 relictis,
709 2685 828 2732 non,
855 2675 916 2721 ut
942 2667 1095 2734 adsit,
1123 2670 1281 2726 auxili

426 2741 546 2790 tura
570 2734 686 2807 plus
711 2739 1064 2807 praesentibus,

1664 1894 1733 1947 10

1661 2601 1729 2654 20
