2031 2952
273 135 336 184 12
921 130 1219 184 HORATII
1247 141 1260 147 ‘

479 246 857 319 Thessalosque
880 247 1028 319 ignes
1053 251 1107 303 et
1132 247 1310 321 iniqua
1329 249 1503 322 Trojae

541 357 547 364 -
622 317 808 374 Castra
829 317 1027 374 fefellit.

477 386 562 443 Tu
584 388 695 470 pias
720 388 852 445 laetis
877 389 1072 445 animas
1094 389 1303 462 reponis

485 458 705 515 Sedibus
728 460 976 533 virgaque
999 459 1167 518 levem
1191 466 1397 518 coerces

481 530 659 586 Aurea
679 531 902 597 turbam,
930 532 1139 615 superis
1156 531 1390 588 Deorum

623 602 815 657 Gratus
841 607 895 658 et
916 602 1050 658 imls.
1803 605 1886 662 20

576 765 891 823 CARMEN
929 767 1178 823 XL—An
1215 784 1565 827 Leucononn.

270 878 354 935 TU
380 897 447 935 ne
509 879 756 947 uaesieris,
784 880 913 936 scire
937 881 1098 947 nefas,
1127 901 1279 953 quem
1305 882 1446 949 mihi,
1474 901 1626 955 quem
1646 880 1748 938 tibi

267 948 449 1005 Finem
526 950 546 1005 i
571 950 821 1018 dederint,
846 951 1144 1019 Leuconoe,
1170 971 1267 1008 nec
1292 953 1607 1036 Babylonios

269 1019 510 1076 Tentaris
533 1039 792 1077 numeros.
867 1022 947 1078 Ut
972 1022 1173 1089 melius,
1201 1023 1448 1095 quidquid
1478 1023 1592 1089 erit,
1619 1023 1758 1096 pati!

272 1090 377 1153 Seu
402 1091 578 1162 plures
603 1091 798 1148 hieme-s
825 1111 917 1148 seu
941 1093 1129 1149 tribuit
1154 1094 1363 1166 Jupiter
1388 1094 1636 1160 ultimam,

266 1160 399 1229 Quae
423 1180 561 1218 nunc
586 1162 838 1234 oppositis
863 1163 1099 1218 debilitat
1123 1163 1413 1237 pumicibus
1437 1183 1577 1220 mare

266 1231 607 1302 Tyrrhenum,
636 1233 820 1306 sapias,
847 1234 970 1289 vina
991 1234 1158 1306 liques
1185 1237 1239 1291 ei:
1264 1236 1434 1308 spatio
1458 1234 1603 1291 brevi

269 1300 306 1356 S
345 1320 426 1356 em
452 1302 655 1375 longam
682 1323 902 1362 reseces,
974 1305 1117 1360 Dum
1142 1305 1416 1377 loquimur,
1440 1305 1634 1375 fugerit
1659 1303 1839 1361 invida

338 1378 435 1428 tas».
511 1374 680 1448 Carpe
705 1374 841 1431 diem
866 1395 1021 1448 quam
1046 1375 1311 1432 minimum
1338 1377 1547 1434 credula
1569 1381 1798 1453 postero.

573 1544 888 1601 CARMEN
923 1545 1206 1600 XIL-m
1243 1561 1566 1601 monstrum.

477 1656 652 1726 QUEM
676 1657 847 1714 virum
871 1660 961 1713 aui:
985 1656 1144 1712 heroa
1167 1656 1183 1711 l
1220 1676 1278 1711 ra
1299 1656 1386 1713 vel
1410 1656 1518 1712 aeri

477 1728 627 1783 Tibia
649 1728 810 1784 sumis
835 1728 1108 1795 celebrare,
1134 1727 1176 1783 C
1197 1727 1287 1783 io?

477 1799 645 1869 Quem
669 1800 879 1856 Deum?
942 1798 1108 1870 Cujus
1132 1799 1329 1854 recinet
1348 1796 1530 1869 jocosa

619 1870 826 1926 Nomen
848 1870 1019 1941 imago

478 1942 590 1997 Aut
613 1942 669 1997 in
691 1940 946 1996 umbrosis
971 1939 1240 1996 Heliconis
1266 1939 1369 1995 oris

478 2013 588 2068 Aut
615 2030 773 2083 super
796 2010 981 2077 Pindo,
1008 2009 1246 2082 gelidove
1269 2010 1325 2064 in
1347 2010 1578 2067 Haemo?

476 2083 635 2140 Unde
660 2081 885 2138 vocalem
910 2085 1107 2137 temere
1131 2081 1378 2137 insecutae

620 2153 831 2225 Orphea
855 2151 998 2208 silvae

476 2226 609 2281 Arte
632 2226 867 2279 materna
888 2222 1097 2296 rapidos
1124 2227 1412 2279 morantem

477 2294 778 2351 Fluminum
801 2294 976 2365 lapsus
999 2294 1296 2366 celeresque
1319 2297 1522 2361 ventos,
1798 2295 1870 2351 10

477 2364 736 2422 Blandum
760 2367 817 2419 et
842 2364 1037 2419 auritas
1060 2363 1250 2420 fidibus
1276 2364 1478 2421 canoris

616 2433 824 2491 Ducere
848 2452 1088 2505 quercus.

476 2504 618 2576 Quid
678 2504 787 2560 rius
812 2504 977 2560 dicam
1002 2504 1169 2563 solitis
1192 2507 1423 2578 parentis

475 2524 763 2657 Laudibus,
790 2575 880 2646 qui
901 2593 985 2631 res
1007 2575 1276 2659 hominum
1299 2595 1360 2633 ac
1384 2577 1634 2644 Deorum,

475 2644 583 2716 Qui
606 2662 746 2700 mare
771 2662 831 2700 ac
855 2650 1020 2701 terras
1044 2664 1304 2718 verusque
1328 2646 1580 2703 mundum

613 2714 887 2787 Temperat
911 2714 1092 2774 horis?
1494 2726 1499 2731 ’
