2031 2952
523 129 904 180 CARMINUM
939 129 1045 180 111.
1077 132 1260 181 9—11.

237 242 365 313 Quae
389 241 531 298 velut
551 242 674 299 latis
698 261 829 315 equa
852 242 1007 299 trima
1033 244 1227 316 campis

241 313 401 370 Ludit
424 315 667 370 exsultim
693 314 984 386 metuitque
1007 317 1170 386 tangi,

239 385 557 457 Nuptiarum
581 404 764 456 expers
787 390 843 441 et
867 385 1037 440 adhuc
1060 393 1305 456 protervo

448 455 624 512 Cruda
642 456 845 511 maritO.

241 527 320 581 Tu
343 529 492 597 potes
515 527 677 609 tigres
701 527 1020 598 comitesque
1045 525 1202 582 silvas

241 597 446 653 Ducere
471 602 526 653 et
549 615 687 653 nvos
711 597 903 653 celeres
929 598 1148 663 morari;

245 668 416 723 Cessit
439 666 675 723 immanis
700 668 797 723 tibi
822 667 1109 723 blandienti

449 740 484 793 J
487 739 658 794 anitor
681 738 825 805 aulae,

243 809 517 876 Cerberus,
544 809 775 881 quamvis
799 809 981 864 furiale
1007 814 1219 865 centum

240 879 484 935 Muniant
507 898 704 951 angues
727 886 883 950 caput
908 880 1022 952 ejus
1045 886 1201 952 atque

246 950 470 1022 Spiritus
493 956 631 1005 teter
655 950 924 1022 saniesque
948 958 1123 1006 manet

453 1021 560 1076 Ore
583 1020 833 1093 trilingui.

244 1090 382 1159 Quin
405 1096 459 1146 et
486 1091 640 1146 Ixion
662 1091 945 1163 Tityosque
967 1090 1121 1146 vultu

244 1162 385 1217 Risit
408 1161 589 1228 invit0‚
615 1161 763 1219 stetit
788 1180 920 1216 urna
940 1161 1173 1234 paullum

246 1233 388 1289 Sicca
435 1232 557 1289 dum
581 1238 731 1305 grato
754 1232 924 1287 Danai
947 1231 1147 1304 puellas

456 1303 695 1358 Carmine
772 1302 929 1358 ulces.

248 1372 442 1429 Audiat
467 1373 617 1445 Lyde
642 1391 728 1430 sce
752 1392 813 1428 us
838 1378 995 1443 atque
1021 1377 1172 1428 notas

246 1444 521 1526 Virginum
545 1462 721 1517 poenas
746 1449 800 1500 et
823 1444 974 1500 inane
998 1443 1224 1517 lymphae

246 1515 459 1571 Dohum
483 1516 645 1571 fundo
668 1515 932 1588 pereuntis
955 1516 1062 1571 imo

463 1588 688 1659 Seraque
712 1586 838 1653 fata,

247 1656 378 1726 Quae
402 1672 609 1713 manent
634 1657 811 1729 culpas
835 1657 990 1712 etiam
1015 1656 1114 1713 sub
1138 1658 1302 1714 Orco,

248 1728 446 1799 lmpiae,
472 1759 544 1769 —
566 1747 684 1783 nam
709 1728 833 1800 quid
858 1733 1074 1798 potuere
1100 1731 1266 1802 majus
1284 1731 1380 1786 Ρ-

247 1798 429 1871 Impiae
452 1817 669 1869 sponsos
694 1805 907 1869 potuere
934 1799 1068 1854 duro

460 1870 685 1925 Perdere
709 1871 862 1924 ferro,

247 1940 372 1995 Una
396 1939 459 1997 de
485 1940 660 1996 multis
685 1940 794 1995 face
820 1940 1042 2011 nuptiali

251 2010 324 2064 Di
398 2029 430 2065 a
453 2011 721 2093 perjurum·
738 2010 840 2065 fuit
864 2012 918 2067 in
943 2014 1210 2082 parentem

255 2029 534 2153 Spffndlde
558 2082 779 2136 mendax
802 2087 856 2136 et
879 2081 936 2136 in
958 2100 1110 2138 omne
1135 2083 1283 2151 virgo

463 2152 666 2208 Nobilis
690 2171 873 2217 aevum,

257 2226 293 2250 “
310 2222 531 2294 Surge,”
557 2241 673 2294 quae
698 2222 831 2277 dixit
846 2221 1030 2304 juveni
1055 2222 1257 2287 marim,

254 2297 290 2321 “
308 2292 489 2364 Surge,
516 2312 582 2348 ne
607 2294 792 2364 longus
817 2292 915 2348 t1bi
940 2311 1169 2357 somnus,
1197 2290 1335 2347 unde

252 2362 382 2418 Non
404 2364 572 2429 times,
600 2363 782 2419 detur:
821 2382 1059 2419 socerum
1084 2371 1138 2418 et
1164 2363 1413 2420 scelestas

465 2434 608 2489 Faue
632 2452 851 2502 sororeS‚

255 2499 389 2572 Quoe
415 2505 557 2560 velut
581 2512 748 2560 nactae
771 2504 963 2560 vitulos
989 2504 1163 2561 leaenae

264 2574 511 2646 Singulos
535 2575 669 2631 eheu
691 2575 949 2631 lacerant:
987 2593 1088 2646 ego
1112 2575 1212 2630 illis

253 2644 473 2701 Mollior
496 2664 593 2701 nec
617 2650 672 2701 te
696 2646 875 2701 feriam
900 2664 1066 2717 neque
1092 2646 1168 2701 int
1177 2665 1230 2700 ra

469 2716 710 2771 Claustra
732 2717 942 2772 tenebo,

180 2803 322 2841 HOR.
904 2805 932 2841 P

1624 132 1692 182 65

1624 316 1694 370 10

1633 1022 1701 1076 20

1636 1729 1705 1783 30
