2031 2952
349 176 416 225 38

998 172 1291 221 HORATII

629 291 705 347 Te
728 309 908 346 rursus
931 290 987 345 in
1010 289 1199 345 bellum
1224 289 1493 347 resorbens

706 363 863 418 Unda
886 362 1035 416 fretis
1059 360 1181 415 tulit
1205 362 1458 417 aestuosis,

561 433 703 505 Ergo
727 433 1007 504 obligatam
1031 431 1185 486 redde
1209 432 1244 483 J
1248 432 1333 486 ovi
1356 432 1538 505 dapem

561 505 846 575 Longaque
869 504 1065 559 fessum
1090 501 1272 557 militia
1294 502 1430 558 latus

634 574 851 642 Depone
876 574 971 629 sub
994 573 1147 627 lauru
1169 591 1283 627 mea
1304 592 1401 629 nec

704 647 866 701 Parce
891 644 1031 700 cadis
1055 644 1153 698 tibi
1178 642 1465 700 destinatis,

563 717 829 773 Oblivioso
855 716 987 771 levia
1009 715 1241 769 Massico

567 788 777 844 Ciboria
799 788 965 857 exple,
991 785 1149 840 funde
1176 786 1448 858 capacibus

632 854 920 925 Unguenta
943 857 1006 912 de
1033 855 1255 912 conchis.
1328 858 1458 927 Quis
1481 858 1586 915 udo

706 929 1064 1000 Deproperare
1090 928 1206 999 apio
1232 944 1445 983 coronas

567 1001 793 1056 Curatve
818 1000 1026 1071 myrto?
1098 1017 1214 1052 uem
1239 999 1421 1054 Venus
1446 1000 1696 1058 arbitrum

564 1072 719 1128 Dicet
743 1070 989 1126 bibendi?
1109 1087 1177 1123 on
1200 1088 1297 1141 ego
1323 1070 1497 1128 sanius

635 1141 933 1198 Bacchabor
957 1139 1180 1196 Edonis:
1220 1145 1431 1212 recepto

664 1219 686 1233 ‘
704 1212 874 1268 Dulce
898 1211 1025 1266 mihi
1049 1210 1218 1265 furere
1242 1217 1322 1266 est
1347 1211 1529 1268 amico·

671 1435 984 1493 CARMEN
1019 1434 1326 1491 VIIL—AD
1360 1451 1627 1491 mamm.

569 1559 727 1615 ULLA
752 1558 796 1613 si
816 1558 946 1629 juris
971 1556 1069 1612 tibi
1094 1556 1311 1626 pejerati

570 1630 745 1697 Poena,
771 1629 978 1695 Barine,
1004 1628 1269 1683 nocuisset
1296 1645 1535 1699 unquam,

568 1700 740 1755 Dente
765 1699 811 1755 si
832 1699 981 1771 nigro
1005 1698 1154 1753 fieres
1180 1698 1265 1752 vel
1287 1716 1391 1752 uno

708 1770 929 1842 Turpior
952 1769 1134 1840 ungui,

571 1840 863 1896 Crederem.
937 1840 1039 1894 Sed
1064 1845 1138 1906 tu,
1167 1839 1319 1894 simul
1343 1838 1584 1910 obligasti

570 1911 833 1968 Perfidum
856 1911 990 1965 votis
1017 1914 1189 1980 caput,
1216 1910 1454 1965 enitescis
1485 1967 1490 1973 ,

569 1982 841 2038 Pulchrior
865 1980 1030 2036 multo
1050 1980 1401 2052 juvenumque
1425 1979 1603 2053 prodis

708 2051 926 2107 Publica
948 2069 1086 2106 cura.

572 2122 652 2179 Ex
693 2122 799 2178 edit
824 2121 1001 2177 matris
1028 2121 1223 2176 cineres
1248 2125 1456 2193 opertos

572 2142 773 2250 Fallere
796 2197 850 2249 et
874 2197 989 2247 toto
1012 2192 1273 2247 taciturna
1295 2192 1464 2247 noctis

574 2264 733 2336 Signa
756 2282 873 2319 cum
898 2262 1026 2318 coelo
1050 2262 1320 2335 gelidaque
1346 2263 1510 2318 Divos

712 2334 890 2389 Morte
915 2339 1164 2389 carentes,

572 2403 733 2459 Ridet
758 2405 873 2468 hoc,
899 2403 1124 2475 inquam,
1147 2403 1330 2458 Venus
1353 2403 1479 2475 ipsa,
1508 2401 1678 2458 rident

576 2474 844 2545 Simplices
868 2473 1142 2545 Nymphae,
1171 2473 1312 2528 ferus
1336 2479 1389 2528 et
1415 2473 1619 2545 Cupido

580 2544 794 2616 Semper
817 2543 1057 2598 ardentes
1081 2561 1270 2599 acuens
1295 2543 1512 2615 sagittas
1669 2560 1680 2594 ·.

708 2615 847 2669 Cote
873 2618 1104 2668 cruenta.
1515 2648 1536 2673 ,-
1611 2618 1618 2624 '

576 2680 742 2749 Adde,
768 2683 908 2754 quod
932 2683 1095 2754 pubes
1120 2682 1217 2738 tibi
1240 2682 1425 2738 crescit
1451 2684 1632 2751 omnis„

581 2753 817 2809 Servitus
840 2753 1028 2808 crescit
1051 2771 1212 2820 nova3
1248 2772 1347 2808 nec
1370 2753 1568 2825 priores

1874 651 1947 707 20

1905 2195 1973 2251 10
