2031 2952
572 145 953 199 CARMINUM
982 146 1035 200 -1.
1067 148 1249 202 '7—10.

394 263 477 321 De
513 282 657 320 rome
682 254 1006 338 quadrimum
1034 265 1239 332 Sabina,

539 332 857 404 Thaliarche,
884 352 1083 393 merum
1110 334 1269 393 diota.

326 407 582 464 Permitte
606 407 757 463 Divis
783 412 971 474 cetera,
1000 407 1091 479 qui
1116 407 1272 463 simul

324 479 565 534 Stravere
590 483 776 534 ventos
802 496 1006 551 aequore
1033 477 1231 533 fervido

396 549 480 605 De
518 548 795 616 radiantes„
821 564 917 604 nec
942 547 1179 621 cupressi

527 638 586 675 ec
610 624 813 675 veteres
839 620 1107 691 agitantur
1133 619 1263 676 orni.

325 689 466 760 Quid
490 690 559 759 sit
587 690 824 745 futurum
848 708 976 756 cras,
1002 690 1126 761 fuge
1153 708 1395 762 quaerere,
1423 694 1478 746 et

329 762 503 823 Quem
526 761 659 817 Fors
673 762 697 794 ¹⁸
724 760 921 817 dierum
946 780 1151 833 cunque
1178 762 1338 830 dabit,
1366 761 1513 819 lucro

401 833 638 905 Appone,
664 849 761 887 nec
785 831 962 888 dulces
989 851 1187 887 amores

471 905 669 975 Sperne
692 921 823 975 puer
844 921 1015 975 neque
1041 907 1105 958 tu
1128 904 1357 972 choreas,

328 968 511 1031 Donec
535 973 725 1028 virenti
749 972 964 1029 canities
991 973 1139 1029 abest

325 1044 558 1102 Morosa.
631 1043 792 1100 Nunc
815 1048 869 1099 et
894 1062 1108 1115 campus
1127 1048 1187 1099 et
1213 1062 1345 1101 arcoe

401 1114 678 1187 Lenesque
703 1114 802 1170 sub
825 1118 1032 1170 noctem
1056 1117 1260 1170 susurri

473 1185 777 1258 Composita
798 1188 1102 1257 repetantur
1127 1185 1269 1251 hora,

328 1257 489 1315 Nunc
513 1259 567 1312 et
592 1256 800 1311 latentis
825 1254 1062 1327 proditor
1085 1255 1270 1310 intimo

336 1329 532 1385 Gratus
557 1326 744 1397 puellae
766 1327 902 1382 risus
927 1325 991 1381 ab
1019 1325 1212 1397 angulo

402 1399 706 1523 Pignusgue
732 1396 1033 1469 dereptum¹
1057 1396 1263 1453 lacertis

471 1472 583 1525 Aut
643 1467 771 1542 igito
794 1467 926 1524 male
952 1467 1216 1539 pertinaci.

440 1619 756 1682 CARMEN
793 1621 1010 1680 X.—An
1049 1638 1418 1682 Menounmrs..

246 1755 249 1758 “
331 1739 629 1807 Muscam,
652 1736 872 1796 facunde
896 1756 1060 1811 nepos
1086 1735 1334 1806 Atlantis,

331 1812 439 1881 Qui
462 1811 601 1868 feros
625 1810 799 1867 cultus
823 1809 1092 1865 hominum
1116 1815 1385 1867 recentum

332 1882 477 1939 Voce
499 1882 733 1938 formasti
757 1884 905 1937 catus
931 1884 985 1935 et
1010 1880 1211 1936 decoroe

477 1953 631 2009 More
653 1951 920 2025 palaestrae,

334 2023 411 2081 'l'e
435 2041 631 2090 canam,
655 2023 831 2096 magni
853 2023 888 2078 J
890 2020 1003 2078 ovis
1028 2023 1082 2076 et
1104 2022 1336 2078 Deorum

333 2095 599 2152 Nuntium
622 2111 894 2165 curvaeque
917 2092 936 2148 l
1063 2096 1347 2174 parentem,

335 2164 613 2232 Callidum,
640 2162 890 2237 quidquid
913 2182 947 2234 p
998 2168 1123 2229 cult,
1147 2163 1329 2235 jocoso

478 2235 715 2293 Condere
729 2235 900 2290 furto.
1322 2236 1331 2247 ·

337 2307 430 2375 Te,
454 2307 617 2365 boves
641 2305 765 2363 olim
787 2303 889 2360 nisi
909 2302 1228 2360 reddidisses

338 2378 442 2438 Per
465 2378 643 2435 dolum
666 2378 880 2442 amotas,
905 2393 1127 2457 puerum
1149 2374 1336 2431 minaci

339 2449 488 2508 Voce
512 2449 635 2504 dum
659 2450 842 2514 terret,
866 2446 1057 2502 Viduus
1080 2445 1326 2519 pharetra

481 2519 625 2577 Risit
649 2520 700 2575 A
737 2518 857 2575 cllo,

336 2590 478 2721 {pin
501 2594 556 2647 et
579 2590 700 2647 Atri
735 2608 793 2645 as
817 2585 948 2647 duce
970 2590 1028 2645 te
1052 2586 1305 2663 superbos

392 2662 439 2719 'o
463 2660 608 2719 dives
630 2657 872 2718 Priamus
895 2657 1078 2718 relicto

432 2757 454 2790 k
478 2766 575 2801 nors
1230 2753 1488 2809 ¹⁴1³an

1652 152 1713 203 11

1650 477 1719 534 10

1665 1180 1735 1241 20

1665 2374 1736 2431 10
