2031 2952
975 115 1270 165 HORATII

460 232 533 288 Et
557 232 684 287 mihi
709 231 900 297 forsan,
927 230 1029 286 tibi
1054 229 1193 302 quod
1217 230 1420 301 negarit

603 302 847 374 Porriget
873 301 1017 356 hora.

463 373 537 429 Te
562 392 746 445 greges
774 380 984 428 centum
1013 370 1302 442 Siculaeque
1328 370 1521 426 circum

464 444 716 515 Mugiunt
742 461 928 509 vaccae,
954 442 1052 497 tibi
1078 441 1216 496 tollit
1240 441 1500 497 hinnitum

466 516 607 587 Apta
630 513 895 586 quadrigis
923 531 1072 584 equa,
1100 516 1153 567 te
1177 511 1259 568 bis
1284 512 1415 567 Afro

612 585 818 639 Murice
843 584 1024 640 tinctae

466 654 718 711 Vestiunt
742 653 903 709 lanoe:
942 653 1070 708 mihi
1095 672 1254 725 parva
1277 672 1398 708 rura
1422 668 1477 708 et

466 726 719 798 Spiritum
745 725 915 780 Graiae
939 728 1156 779 tenuem
1180 725 1415 779 Camenas

464 797 628 852 Paroa
650 814 759 850 non
782 794 1007 850 mendax
1033 794 1178 849 dedit
1204 798 1259 849 et
1282 794 1563 866 malignum

606 867 859 939 Spernere
884 866 1093 937 vulgus.

570 1033 885 1090 CARMEN
921 1032 1258 1088 XVIL-An
1294 1047 1673 1088 monnau.

467 1141 591 1194 Oua
616 1156 699 1193 me
725 1136 948 1209 querelis
974 1135 1239 1191 exanimas
1263 1136 1372 1190 tuis
1388 1136 1414 1190 Ρ

466 1211 582 1266 Nec
605 1208 703 1264 Dis
729 1208 950 1263 amicum
974 1212 1056 1261 est
1080 1224 1175 1261 nec
1200 1206 1325 1262 mihi
1348 1210 1404 1260 to
1427 1204 1573 1277 prius

535 1280 711 1345 Obire,
737 1279 1013 1344 Maecenas,
1041 1295 1267 1332 mearum

605 1349 810 1404 Grande
837 1348 993 1403 decus
1019 1348 1358 1419 columenque
1382 1366 1571 1402 rerum,

465 1421 553 1476 Ah
576 1424 631 1475 te
656 1437 784 1475 meae
810 1420 853 1474 si
879 1423 1077 1491 partem
1103 1418 1282 1473 animae
1305 1418 1441 1490 rapit

468 1491 729 1547 Maturior
752 1490 846 1556 vis,
874 1490 999 1563 quid
1024 1507 1196 1544 moror
1220 1489 1396 1555 altera,

535 1562 652 1619 Nec
677 1579 826 1617 carus
852 1579 995 1633 aeque
1019 1578 1114 1615 nec
1140 1564 1405 1631 superstes

607 1632 862 1713 Integer?
936 1631 1036 1686 Ille
1062 1630 1169 1686 dies
1196 1635 1466 1702 utramque

467 1703 642 1759 Ducet
666 1720 881 1758 rumam.
955 1702 1081 1757 Non
1104 1719 1203 1773 ego
1228 1701 1481 1772 perfidum

466 1774 595 1830 Dixi
618 1776 1022 1829 sacramentum:
1061 1772 1266 1839 ibimuS,
1292 1771 1496 1838 ibimus,

539 1845 825 1916 Utcunque
842 1843 1126 1924 praecedes,
1156 1861 1456 1914 supremum

610 1915 712 1969 Car
749 1933 833 1969 ere
858 1920 958 1970 lter
982 1913 1197 1969 comites
1226 1913 1405 1983 parati.

468 1986 561 2041 Me
585 2003 682 2041 nec
753 1985 973 2039 himaerae
996 1984 1209 2055 spiritus
1235 1984 1415 2055 igneae,

469 2056 586 2112 Nec
610 2056 656 2110 si
677 2060 916 2126 resurgat
941 2056 1265 2110 centimanus
1292 2053 1447 2127 Gyae,

537 2126 764 2182 Divellet
789 2144 1047 2197 unquam:
1085 2125 1160 2179 sic
1186 2126 1392 2196 potenti

605 2197 639 2252 J
644 2196 832 2252 ustitiae
857 2196 1204 2268 placitumque
1233 2196 1427 2251 Parcis.

469 2267 574 2321 Seu
597 2266 758 2322 Libra
779 2285 874 2321 seu
896 2285 977 2322 me
1002 2267 1129 2322 Scor
1166 2266 1243 2320 ios
1272 2263 1492 2338 adspicit

466 2336 870 2402 Formidolosus,
897 2356 1015 2408 pars
1040 2336 1123 2391 vio
1145 2336 1314 2390 entior

537 2406 744 2463 Natalis
766 2406 919 2473 horae,
945 2425 1036 2462 seu
1063 2411 1315 2477 tyrannus

605 2476 876 2548 Hesperiae
900 2476 1242 2548 Capricornus
1268 2475 1438 2538 undae,

466 2544 764 2618 Utrumque
787 2551 1025 2601 nostrum
1049 2545 1334 2600 incredibili
1357 2545 1511 2599 modo

469 2615 740 2670 Oonsentit
764 2620 977 2670 astrum.
1052 2616 1125 2670 Te
1150 2616 1184 2671 J
1187 2616 1298 2670 ovis
1322 2615 1481 2686 impio

538 2684 725 2740 Tutela
747 2685 970 2741 Saturno
994 2685 1256 2757 refulgens

620 2752 829 2826 Eripuit
853 2755 1180 2826 volucrisque
1204 2754 1321 2809 Fati

1869 1774 1954 1829 lo
