2031 2952
606 125 1010 177 SATIRARUM
1043 124 1116 174 11.
1148 124 1196 185 7,
1230 129 1281 176 8.
1642 123 1740 176 185

150 239 271 296 “In
292 238 470 312 primis
493 239 739 296 Lucanus
764 258 917 312 aper;
953 237 1059 293 leni
1081 237 1180 293 fuit
1203 239 1401 293 Austro

152 312 370 382 Captae,
395 314 457 366 ut
482 311 648 367 aiebat
675 329 831 367 coenae
857 313 1034 381 patet-3
1074 308 1210 365 acria
1232 311 1426 365 circum

152 380 375 453 Bapula,
402 380 631 447 lactucoe,
659 382 869 446 radices,
898 380 1069 452 qualia
1090 378 1283 435 lassum

155 451 458 506 Pervellunt
481 452 816 518 stomachum,
843 451 986 517 siser,
1014 450 1158 518 allec,
1185 449 1365 506 faecula
1387 450 1512 506 Coa.

155 521 260 576 His
283 521 372 578 ubi
396 522 611 578 sublatis
633 541 764 595 puer
786 522 890 578 alte
914 521 1114 578 cinctus
1138 539 1373 576 acernam
1674 516 1744 572 10

157 592 394 664 Gausape
419 611 677 665 purpureo
701 611 925 648 mensam
950 593 1208 661 pertersit,
1234 597 1289 664 et
1309 591 1441 646 alter

158 661 395 734 Sublegit
420 663 760 735 quodcunque
782 664 975 735 jaceret
1000 661 1182 717 inutile
1207 662 1447 735 quodque

156 732 346 788 Posset
369 739 627 789 coenantes
652 733 922 799 offendere,
950 736 1010 787 ut
1036 733 1215 788 Attica
1235 733 1383 800 virgo

159 801 294 857 Cum
318 804 475 859 sacris
500 805 716 869 Cereris,
743 804 973 874 procedit
998 803 1176 859 fuscus
1201 803 1494 874 Hydaspes,

160 872 383 928 Caecuba
407 874 527 929 vina
549 874 733 940 ferens,
759 875 927 937 Alcon
951 874 1139 929 Chium
1162 873 1314 928 maris
1340 891 1541 945 expers.

160 942 268 998 Hic
292 944 478 999 herus:
520 948 536 972 ‘
551 945 824 1010 Albanum,
850 945 1126 1009 Maecenas,
1153 944 1260 998 sive
1283 943 1558 998 Falernum

160 1013 236 1067 Te
260 1015 421 1083 magis
446 1016 690 1086 appositis
715 1015 952 1081 delectat,
980 1015 1224 1069 habemus
1248 1015 1560 1086 utrumque.’
1580 1013 1613 1037 '’

166 1087 201 1110 ‘⁶
218 1084 438 1140 Divitias
461 1087 701 1141 miseras!
767 1086 866 1140 Sed
929 1085 1007 1140 uis
1032 1084 1348 1140 coenantibus
1373 1103 1491 1150 una,

161 1153 415 1221 Fundani,
443 1155 652 1224 pulchre
676 1156 831 1211 fuerit
856 1157 900 1210 ti
935 1157 968 1221 i,
994 1173 1146 1211 nosse
1169 1154 1396 1210 labor0.'’

166 1224 447 1280 “Summus
463 1245 490 1281 e
528 1244 575 1292 0,
593 1231 645 1281 et
664 1244 820 1297 prope
836 1244 917 1280 me
935 1226 1127 1281 Viscus
1142 1225 1417 1292 Thurinus,
1437 1228 1491 1280 et
1508 1221 1656 1291 infra,
1677 1224 1748 1279 20

164 1292 222 1348 Si
245 1296 467 1362 memini,
545 1298 698 1360 ariuS‚
725 1315 842 1352 cum
869 1295 1082 1351 Servilio
1105 1295 1383 1352 Balatrone

162 1364 419 1431 Vibidius,
442 1385 568 1437 quas
594 1367 854 1422 Maecenas
880 1365 1162 1421 adduxerat
1186 1365 1407 1422 umbras.

160 1433 521 1493 Nomentanus
546 1444 655 1493 erat
680 1456 744 1492 su
780 1455 836 1492 er
859 1437 1045 1508 ipsum,
1071 1436 1288 1492 Porcius
1311 1436 1458 1506 infra,

156 1504 431 1561 Ridiculus
455 1512 593 1563 totas
619 1526 755 1562 seme
799 1507 1073 1563 obsorbere
1097 1507 1374 1579 placentas.

159 1575 519 1632 Nomentanus
544 1577 609 1632 ad
632 1577 745 1644 hoc,
774 1578 877 1659 qui,
904 1578 947 1633 si
973 1576 1099 1648 quid
1122 1577 1257 1633 forte
1280 1578 1479 1647 lateret,

157 1644 338 1703 Indice
364 1653 670 1703 monstraret
697 1647 859 1719 digito
881 1668 896 1712 ;
930 1666 1048 1701 nam
1073 1652 1245 1704 cetera
1267 1649 1438 1718 turba,

159 1715 291 1782 Nos,
317 1716 371 1771 in
407 1736 539 1785 uam,
567 1736 827 1774 coenamus
852 1736 987 1784 aveS,
1015 1718 1296 1790 conchylia,
1322 1720 1507 1792 pisces,

59 1799 69 1808 ·
158 1785 341 1858 Longe
403 1788 663 1844 issimilem
686 1795 812 1843 noto
837 1788 1056 1844 celantia
1079 1807 1325 1854 succum;

118 1901 126 1909 .
161 1855 240 1910 Ut
266 1857 342 1912 vel
369 1859 617 1914 continuo
641 1858 829 1930 patuit,
857 1877 1019 1936 quum
1044 1859 1265 1928 passeris
1288 1864 1445 1931 atque

158 1925 436 1996 Ingustata
458 1929 581 1983 mihi
608 1933 901 2000 porrexerat
925 1927 1013 1983 ilia
1036 1928 1253 1983 rhombi.
1684 1932 1754 1985 30

158 1996 287 2051 Post
312 1997 409 2054 hoc
434 2017 514 2053 me
539 1998 713 2054 docuit
738 1997 990 2053 melimela
1010 1997 1195 2053 rubere
1222 1997 1466 2053 minorem

159 2065 245 2121 Ad
268 2067 436 2122 lunam
462 2067 674 2124 delecta.
749 2067 887 2137 Quid
911 2068 1007 2122 hoc
1025 2068 1253 2131 «intersit,
1280 2068 1344 2122 ab
1369 2069 1482 2138 ipso

160 2136 401 2192 Audieris
427 2139 622 2193 melius,
693 2138 825 2193 Tum
850 2136 1092 2193 Vibidius
1118 2138 1416 2192 Balatroni:

165 2212 181 2235 ‘
197 2207 310 2261 Nos
335 2208 434 2263 nisi
458 2208 697 2263 damnose
723 2208 960 2274 bibimus,
988 2208 1263 2262 moriemur
1285 2208 1469 2263 inulti:

162 2276 232 2331 Et
256 2277 437 2333 calices
463 2279 627 2348 poscit
651 2279 884 2350 majores.
957 2277 1179 2332 Vertere
1204 2276 1367 2348 pallor

163 2346 293 2401 'I'um
315 2350 525 2418 parochi
547 2348 728 2403 faciem
751 2348 825 2402 nil
848 2347 924 2403 sic
946 2348 1227 2403 metuentis
1251 2353 1312 2402 ut
1337 2366 1479 2403 acres

162 2416 394 2484 Potores,
419 2419 500 2473 vel
525 2418 662 2489 quod
687 2419 815 2473 male
839 2417 1018 2474 dicunt
1044 2418 1269 2483 liberius,
1293 2418 1377 2473 vel

162 2485 379 2541 Fervida
403 2487 541 2558 quod
564 2487 754 2544 subtile
778 2487 1060 2543 exsurdant
1083 2487 1205 2543 vina
1227 2489 1474 2559 palatum.

165 2556 438 2611 Invertunt
461 2558 700 2613 Allifanis
723 2558 919 2613 vinaria
941 2565 1058 2612 tota

57 2693 62 2698 ᾖ
164 2626 400 2681 Vibidius
424 2627 750 2708 Balatroque,
776 2628 1012 2698 sequutis
1038 2626 1275 2683 omnibus
1294 2652 1311 2697 3
1347 2629 1439 2685 imi
1686 2632 1753 2687 40

168 2697 406 2753 Convivae
428 2697 550 2753 lecti
571 2698 787 2753 nihilum
810 2716 1032 2754 nocuere
1055 2697 1269 2769 lageniS.
