2031 2952
276 135 377 188 192
891 134 1187 186 HORATII

270 253 418 311 Utile
440 258 709 329 proposuit
732 258 880 316 nobis
904 260 1165 332 exemplar
1187 257 1396 326 Ulixen,

270 326 372 390 Qui
396 326 615 384 domitor
637 330 802 401 Trojae
829 329 1106 385 multorum
1130 329 1371 401 providus
1394 327 1552 384 urbes
2008 316 2013 407 l

266 395 339 451 Et
364 416 532 454 mores
558 399 817 455 hominum
845 400 1085 472 inspexit,
1112 401 1376 472 latumque
1401 419 1494 472 per
1516 416 1704 470 aequor,
1793 401 1871 455 20

266 466 409 523 Dum
433 466 548 537 sibi,
578 470 697 526 dum
726 472 877 527 sociis
902 471 1124 526 reditum
1148 479 1311 542 parat,
1337 488 1516 541 aspera
1538 471 1701 525 multa

268 538 510 607 Pertulit,
541 541 767 597 adversis
794 561 962 598 rerum
989 541 1343 597 immersabilis
1364 540 1537 595 undis.

269 609 505 666 Sirenum
530 630 686 668 voces
710 618 764 668 et
789 613 946 669 Circae
970 612 1156 685 pocula
1177 612 1352 676 nosti;

266 680 397 748 Quae
423 681 607 738 sicum
634 683 785 738 sociis
810 684 1003 738 stultus
1029 682 1349 755 cupidusque
1373 681 1602 755 bibisset,

269 750 376 807 Sub
404 751 609 808 domina
631 754 899 810 meretrice
924 754 1107 809 fuisset
1132 756 1299 826 turpis
1324 757 1378 809 et
1403 770 1600 820 excors),

266 820 501 878 Vixisset
524 824 664 879 canis
688 824 981 880 immundus
1005 823 1087 879 vel
1112 823 1276 879 amica
1297 824 1410 878 luto
1435 840 1539 878 sus.
2008 774 2018 911 1

268 892 384 947 Nos
409 911 654 950 numerus
679 914 854 950 sumus
880 900 933 951 et
956 895 1133 967 fruges
1157 910 1459 950 consumere
1481 892 1609 961 nati,

268 963 457 1035 Sponsi
480 965 671 1020 Penelo
710 985 766 1032 ae,
795 965 1091 1032 nebulones,
1117 965 1422 1039 Alcinoique

201 1090 210 1099 ,
265 1032 334 1088 In
356 1038 478 1090 cute
501 985 728 1091 curampa
749 1036 865 1109 plus
889 1057 1035 1109 aequo
1059 1050 1271 1109 operata
1286 1037 1550 1110 juventus,

266 1108 370 1163 Cui
393 1108 661 1181 pulchrum
687 1109 788 1164 fuit
812 1108 867 1163 in
889 1109 1085 1164 medios
1110 1108 1330 1165 dormire
1353 1108 1479 1173 dies»,
1505 1110 1560 1162 et
1787 1106 1865 1161 30

265 1178 349 1233 Ad
374 1180 644 1250 strepitum
671 1180 877 1235 citharae
900 1185 1157 1235 cessatum
1183 1182 1368 1235 ducere
1391 1195 1584 1234 curam.

251 1248 347 1304 ,Ut
365 1251 610 1322 jugulent
635 1250 881 1317 homineS,
907 1255 1128 1323 surgunt
1154 1250 1218 1305 de
1242 1257 1394 1305 nocte
1417 1248 1674 1304 latrones:

265 1319 347 1375 Ut
370 1325 425 1375 te
448 1321 615 1392 ipsum
641 1341 827 1388 serves„
853 1340 958 1378 non
982 1321 1392 1395 expergisceris?
1461 1318 1626 1391 Atqui

252 1390 327 1444 Si
350 1390 493 1446 noles
520 1413 689 1460 sanuS,
717 1413 891 1452 curres
916 1394 1256 1466 hydropicus;
1295 1398 1349 1449 et
1374 1391 1429 1447 ui

254 1463 461 1520 'Posces
485 1470 605 1520 ante
630 1466 762 1522 diem
788 1464 969 1522 librum
996 1485 1113 1522 cum
1139 1465 1342 1533 lumine,
1366 1464 1412 1521 si
1434 1483 1541 1519 non

264 1534 516 1594 Intendes
541 1538 765 1593 animum
791 1537 976 1592 studiis
1002 1544 1057 1592 et
1081 1538 1234 1592 rebus
1257 1535 1501 1600 honestiS,

265 1606 471 1664 Invidia
492 1608 577 1664 vel
603 1628 774 1665 amore
797 1608 924 1680 vigil
947 1607 1269 1680 torquebere.
1343 1607 1481 1680 Nam
1506 1623 1613 1670 cur,

264 1678 393 1747 Quae
420 1678 614 1734 laedunt
639 1679 861 1745 oculum,
888 1679 1101 1734 festinas
1127 1677 1329 1734 demere
1344 1700 1359 1744 ;
1397 1678 1439 1732 si
1465 1675 1584 1748 quid

264 1749 363 1804 Est
391 1750 631 1822 animum,
659 1750 830 1805 differs
855 1750 1070 1805 curandi
1095 1750 1321 1822 tempusi
1342 1768 1378 1803 u
1402 1746 1630 1803 annum?

266 1820 551 1876 Dimidium
580 1821 718 1888 facti,
746 1822 835 1894 qui
859 1821 1030 1892 coepit,
1057 1821 1211 1876 habet
1232 1841 1247 1887 ;
1284 1838 1462 1890 sapere
1488 1816 1650 1883 aude3
1789 1815 1862 1870 40

264 1891 462 1964 Incipe.
539 1892 643 1962 Qui
667 1900 807 1947 recte
830 1891 1038 1947 vivendi
1062 1897 1307 1963 prorogat
1333 1891 1524 1953 horam,

265 1963 520 2019 Rusticus
550 1968 816 2035 exspectat
844 1962 967 2018 dum
995 1961 1186 2018 defluat
1210 1962 1404 2028 amnis;
1442 1964 1496 2014 at
1520 1956 1607 2014 ille

265 2032 504 2100 Labitur,
532 2040 587 2089 et
611 2032 813 2090 labetur
838 2033 893 2089 in
917 2052 1069 2089 omne
1092 2033 1332 2089 volubilis
1357 2050 1538 2087 sevum.

266 2104 533 2163 Quaeritur
559 2109 829 2175 argentum
854 2104 1131 2176 puerisque
1155 2103 1306 2160 beata
1332 2099 1563 2158 creandis

264 2175 433 2241 Uxor,
459 2180 514 2231 et
537 2175 747 2231 incultae
771 2179 1023 2245 pacantur
1045 2192 1249 2229 vomere
1276 2174 1446 2228 silvae:

264 2243 424 2313 Quod
448 2246 573 2300 satis
598 2249 679 2300 est
704 2246 789 2300 cui
812 2246 1083 2316 contingit,
1109 2244 1237 2299 nihil
1258 2243 1479 2316 amplius
1504 2243 1667 2313 optet.

267 2315 389 2369 Non
415 2315 597 2371 domus
622 2321 675 2370 et
700 2316 903 2382 funduS,
927 2333 1034 2369 non
1057 2315 1171 2371 aeris
1197 2332 1409 2369 acervus
1435 2318 1489 2369 et
1514 2312 1627 2368 auri

270 2384 495 2455 AEgroto
521 2386 714 2441 domini
740 2386 953 2441 deduxit
978 2403 1192 2456 corpore
1217 2383 1401 2449 febres„

268 2453 395 2509 Non
421 2456 588 2512 animo
613 2475 778 2512 curas.
851 2456 1039 2511 Valeat
1064 2472 1328 2527 possessor
1354 2456 1578 2526 oportet,

274 2523 331 2579 si
355 2526 692 2598 comportatis
715 2526 870 2582 rebus
895 2526 1026 2582 bene
1050 2543 1111 2581 co
1150 2526 1246 2581 itat
1270 2525 1365 2580 uti.
1792 2525 1858 2580 50

271 2593 377 2661 Qui
401 2596 546 2666 cupit
570 2601 661 2650 aut
689 2597 890 2663 metuit,
909 2597 1059 2669 juvat
1082 2596 1119 2650 il
1138 2615 1224 2650 um
1251 2595 1325 2651 sic
1349 2594 1533 2650 domus
1558 2598 1612 2652 ct
1636 2612 1736 2660 reS,

269 2663 350 2718 Ut
374 2663 571 2736 lippum
596 2666 750 2747 pictae
773 2667 978 2732 tabulae,
1005 2667 1236 2722 fomenta
1265 2666 1562 2736 podagram,

265 2733 542 2792 Auriculas
566 2736 774 2794 citharoe
799 2738 1015 2795 collecta
1039 2737 1188 2794 sorde
1213 2736 1460 2793 dolentes
