2031 2952
705 112 1107 164 SATIRARUM
1141 112 1215 164 11.
1250 116 1300 165 4.
1704 117 1806 171 178

207 229 518 288 Pectinibus
540 227 734 302 patulis
754 229 918 300 jactat
942 246 1000 283 se
1024 227 1177 283 molle
1202 228 1499 286 Tarentum.

208 301 336 358 Nec
361 301 459 357 sibi
482 319 738 357 coenarum
764 300 931 372 quivis
954 304 1149 354 temere
1174 299 1388 372 adroget
1412 307 1593 371 artem,

210 370 348 428 Non
369 372 514 444 prius
540 378 723 426 exacta
744 370 894 425 tenui
915 369 1117 425 ratione
1141 388 1401 443 saporum.

211 443 338 499 Nec
362 443 488 497 satis
514 448 594 497 est
618 459 738 497 cara
759 441 926 513 pisces
950 445 1185 496 avertere
1207 460 1399 509 mensa,

212 512 469 584 Ignarum
496 512 682 584 quibus
707 519 789 567 est
805 512 892 582 jus
917 511 1089 583 aptius
1112 516 1166 567 et
1192 511 1376 583 quibus
1401 512 1531 568 assis

211 582 525 654 Languidus
548 583 605 637 in
626 582 862 639 cubitum
880 581 984 653 jam
1012 599 1070 636 se
1094 582 1311 638 conviva
1334 588 1566 654 reponet.

214 653 421 710 Umber
446 660 500 709 et
524 653 578 708 ili
617 672 684 708 na
705 652 934 708 nutritus
957 651 1145 723 glande
1167 653 1416 710 rotundas
1744 658 1813 712 40

218 723 421 780 Curvat
446 743 566 796 aper
675 741 760 779 ces
785 740 990 779 carnem
1011 722 1224 778 vitantis
1247 724 1496 791 inertem;

217 793 357 851 Nam
385 794 618 850 Laurens
646 794 808 849 malus
831 795 930 859 est,
953 793 1089 849 ulvis
1112 800 1167 849 et
1190 794 1441 850 arundine
1466 795 1687 868 pinguis·

219 863 396 920 Vinea
417 864 678 921 submittit
701 882 911 936 capreas
934 881 1041 918 non
1064 882 1265 936 semper
1289 865 1483 922 edules.

221 934 481 992 Fecundae
504 936 693 1007 leporis
719 934 921 1006 sapiens
946 935 1233 990 sectabitur
1255 954 1440 991 armos.

219 1005 460 1062 Piscibus
484 1010 643 1078 atque
668 1005 850 1061 avibus
874 1022 991 1075 quie
1011 1009 1199 1060 natura
1221 1011 1275 1061 et
1299 1008 1434 1061 foret
1457 1009 1602 1074 aetas,

221 1079 370 1132 Ante
392 1094 564 1131 meum
588 1076 717 1131 nulli
739 1076 908 1148 patuit
934 1076 1154 1147 quaesita
1175 1075 1421 1147 palatum.

224 1148 376 1214 Sunt,
403 1165 617 1219 quorum
644 1147 906 1218 ingenium
929 1164 1065 1201 nova
1087 1151 1293 1201 tantum
1317 1146 1547 1202 crustula
1570 1147 1760 1219 promit

222 1217 567 1290 Nequaquam
595 1218 721 1272 satis
745 1217 801 1271 in
823 1235 878 1270 re
902 1235 1007 1271 una
1029 1234 1329 1272 consumere
1354 1236 1559 1285 curam3

223 1286 305 1343 Ut
331 1288 378 1343 si
401 1288 516 1360 quis
540 1287 702 1342 solum
729 1287 842 1351 hoc,
870 1287 1002 1341 mala
1024 1306 1089 1342 ne
1113 1288 1217 1342 sint
1240 1289 1375 1354 vina,
1401 1287 1618 1357 laboret,

223 1358 380 1428 Quali
403 1358 680 1430 perfundat
706 1358 873 1429 pisces
897 1375 1110 1412 securus
1138 1357 1290 1414 olivo.
1746 1360 1815 1416 50

223 1428 454 1485 Massica
478 1429 521 1485 si
546 1428 675 1484 coelo
700 1445 957 1501 suppones
982 1428 1103 1486 vina
1125 1447 1323 1497 seren0,

225 1499 512 1566 Nocturna,
539 1501 583 1555 si
607 1499 733 1570 quid
755 1500 915 1554 crassi
937 1503 1037 1564 est,
1062 1501 1365 1556 tenuabitur
1389 1520 1514 1558 aura

226 1570 297 1626 Et
322 1570 534 1626 decedet
558 1570 685 1626 odor
708 1570 878 1625 nervis
901 1569 1173 1638 inimicus;
1208 1577 1262 1626 at
1286 1572 1375 1628 illa

226 1642 500 1713 Integrum
523 1640 744 1712 perdunt
769 1640 873 1696 lino
897 1640 1080 1696 vitiata
1103 1660 1352 1713 saporem.

230 1712 532 1768 Surrentina
554 1712 694 1767 vafer
718 1712 808 1783 qui
830 1711 1011 1766 miscet
1035 1713 1160 1768 faece
1184 1712 1403 1770 Falerna

227 1783 379 1849 Vina,
406 1781 697 1839 columbino
722 1785 899 1836 limum
925 1781 1055 1837 bene
1079 1782 1275 1853 colligit
1299 1802 1416 1850 ovo,

227 1854 494 1925 Quatenus
519 1855 621 1908 ima
642 1852 775 1924 petit
797 1851 1010 1907 volvens
1034 1852 1200 1908 aliena
1221 1854 1429 1910 vitellus

229 1924 402 1979 Tostis
429 1933 740 1979 marcentem
763 1922 960 1993 squillis
983 1923 1236 1979 recreabis
1261 1929 1315 1979 et
1337 1926 1469 1980 Afra

230 1994 475 2050 Potorem
498 1994 737 2060 cochlea;
774 2013 892 2048 nam
916 1993 1120 2049 lactuca
1140 1995 1340 2051 innatat
1365 1996 1469 2051 acri

231 2064 357 2120 Post
380 2066 557 2120 vinum
582 2065 875 2131 stomach03
914 2084 1074 2136 perna
1097 2064 1259 2136 magis
1282 2083 1343 2120 ac
1367 2085 1416 2120 m
1485 2065 1530 2121 is
1552 2064 1690 2124 hillis
1750 2066 1819 2129 60

231 2134 455 2206 Flagitat
477 2135 751 2190 immersus
768 2145 803 2168 '¹¹
828 2135 968 2190 refici
981 2158 996 2202 ;
1037 2135 1161 2205 quin
1186 2136 1356 2190 omnia
1377 2154 1428 2190 m
1484 2137 1539 2204 't,

230 2204 558 2278 Quaecunque
582 2205 858 2261 immundis
885 2207 1083 2261 fervent
1109 2204 1264 2260 allata
1284 2205 1504 2278 popinis.

230 2274 326 2330 Est
352 2293 520 2348 operae
541 2278 767 2349 pretium
791 2276 1007 2349 duplicis
1033 2294 1336 2349 pernoscere
1359 2276 1490 2344 juris

231 2346 499 2401 Naturam.
576 2347 804 2419 Simplex
827 2366 857 2403 e
882 2346 1022 2403 dulci
1046 2352 1252 2403 constat
1275 2347 1427 2413 olivo,

231 2415 384 2485 Quod
441 2415 587 2487 ingui
609 2420 824 2473 miscere
850 2419 990 2473 mero
1017 2419 1280 2491 muriaque
1306 2417 1527 2487 decebit,

232 2487 356 2542 Non
378 2505 410 2541 a
432 2487 478 2541 ‘a
500 2505 651 2559 quam
678 2507 779 2560 qua
804 2489 1054 2560 Byzantia
1075 2491 1251 2560 putuit
1275 2509 1412 2547 orca.

232 2556 350 2612 Hoc
374 2556 464 2612 ubi
487 2559 758 2613 confusum
783 2561 940 2614 sectis
963 2560 1209 2617 inferbuit
1233 2562 1405 2619 herbis

235 2626 554 2701 Corycioque
578 2646 729 2685 croco
753 2647 988 2701 sparsum
1014 2631 1178 2698 stetit,
1203 2633 1416 2707 insuper
1440 2634 1597 2692 addes

894 2726 922 2746 ¹¹·
948 2716 992 2757 in
1014 2726 1187 2759 morsus
