2031 2952
629 134 1128 184 EPISTOLARUM-
1154 134 1196 186 Ι.
1231 138 1278 195 6,
1314 134 1364 189 ¹7.
1697 139 1793 191 199

209 248 299 304 Ire
325 248 462 304 foras
486 250 638 320 pleno
661 248 906 305 tendebat
931 268 1145 322 corpore
1170 250 1396 316 frustra;

210 318 312 375 Cui
335 319 554 401 mustela
576 321 771 391 procul,
802 321 859 375 Si
881 321 976 388 vis,
1003 321 1094 388 ait,
1121 321 1345 393 effugere
1371 320 1538 387 istinc,

208 389 393 446 Macra
416 409 596 446 cavum
622 396 823 463 repetes
849 397 1034 458 artum,
1062 411 1213 463 quem
1238 410 1407 447 macra
1431 392 1636 448 subisti.

208 460 329 516 Hac
353 479 450 533 ego
475 460 520 515 si
543 461 817 533 compellor
839 462 1076 530 imagine,
1105 467 1289 518 cuncta
1312 461 1516 533 resigno
1539 482 1555 530 ;

210 531 325 594 Nec
352 551 587 586 somnum
611 532 775 603 plebis
799 532 952 587 laudo
977 537 1122 587 satur
1145 532 1359 588 altilium
1384 551 1480 588 nec

210 601 337 656 Otia
361 602 553 657 divitiis
579 603 806 658 Arabum
833 602 1087 658 liberrima
1110 609 1268 658 muto,

211 672 357 742 Saepe
381 673 728 728 verecundum
752 673 988 738 laudasti,
1014 692 1207 745 rexque
1232 679 1481 746 paterque

209 742 421 798 Audisti
447 762 630 809 coram,
657 762 754 798 nec
777 744 934 798 verbo
960 745 1163 814 parcius
1188 743 1399 801 absens:

208 812 430 884 Inspice,
459 813 505 868 si
529 833 737 884 possum
767 812 955 868 donata
978 833 1220 884 reponere
1245 814 1409 871 laetus.

205 883 369 939 Haud
389 884 521 939 male
544 883 894 949 TelemachuS‚
922 883 1091 955 proles
1116 885 1357 956 patientis
1383 884 1589 942 Ulixei:
1722 889 1791 944 40

206 953 332 1008 Non
356 959 437 1009 est
461 959 611 1025 aptus
636 954 780 1026 equis
805 956 985 1010 Ithace
1005 964 1028 987 ⁸
1051 955 1208 1019 locuS,
1234 961 1295 1010 ut
1320 975 1381 1009 ne
1421 974 1484 1010 ue
1508 956 1673 1028 planis

207 1023 490 1081 Porrectus
517 1025 696 1094 spatiis
721 1044 816 1080 nec
841 1025 1015 1079 multae
1040 1025 1189 1096 prodi
1227 1045 1287 1080 us
1311 976 1511 1093 heibae3

201 1095 402 1162 Atride,
427 1096 591 1167 magis
616 1115 644 1150 a
682 1099 737 1149 ta
759 1095 856 1150 tibi
877 1099 969 1150 tua
989 1094 1126 1150 dona
1150 1114 1205 1150 re
1225 1095 1442 1167 inquam.

203 1165 429 1220 Parvum
452 1185 609 1238 parva
672 1171 818 1221 ecent
833 1189 849 1233 3
887 1166 1011 1220 mihi
1030 1166 1133 1237 jam
1161 1184 1261 1220 non
1288 1166 1429 1237 regia
1450 1166 1634 1235 Roma,

205 1235 310 1291 Sed
333 1255 553 1292 vacuum
577 1236 738 1293 Tibur
761 1236 931 1308 placet
956 1240 1045 1290 aut
1070 1236 1273 1292 imbelle
1297 1237 1591 1292 Tarentum.

204 1307 461 1363 Strenuus
487 1311 541 1362 et
566 1308 717 1362 fortis
741 1307 1010 1378 causisque
1037 1306 1307 1378 Philippus
1332 1307 1543 1377 agendis

204 1378 389 1433 Clarus
413 1378 479 1434 ab
505 1377 681 1433 officiis
706 1382 936 1433 octavam
965 1377 1173 1433 circiter
1196 1377 1370 1431 horam

200 1448 341 1505 Dum
367 1449 502 1506 redit
529 1455 684 1521 atque
709 1449 846 1504 Foro
872 1447 1083 1502 nimium
1111 1447 1299 1503 distare
1326 1447 1538 1506 Carinas

200 1521 235 1576 J
238 1540 319 1575 am
345 1522 552 1592 grandis
578 1525 706 1575 natu
731 1520 976 1591 queritur,
1005 1520 1289 1600 conspexit,
1317 1524 1377 1574 ut
1401 1520 1561 1588 aiunt,

199 1590 458 1647 Adrasum
485 1592 736 1663 quendam
762 1608 923 1644 vacua
946 1595 1169 1645 tonsoris
1194 1589 1248 1644 in
1272 1589 1452 1646 umbra
1721 1594 1788 1648 50

202 1661 433 1717 Cultello
458 1661 695 1734 proprios
719 1664 1027 1733 purgantem
1052 1659 1235 1715 leniter
1258 1678 1473 1730 ungues.

203 1732 744 1803 “Demetri‚''—puer
770 1731 852 1785 hic
876 1750 980 1785 non
1003 1729 1132 1785 laeva
1149 1730 1293 1801 jussa
1318 1731 1539 1804 Philippi

200 1802 506 1874 Accipiebat
526 1834 596 1843 —
615 1808 649 1832 “
664 1802 763 1868 abi,
792 1820 963 1884 quaere
988 1805 1042 1856 et
1066 1802 1213 1867 refer,
1240 1801 1374 1856 unde
1399 1802 1565 1871 doum,
1592 1803 1722 1875 quis,

201 1873 361 1943 Cujus
386 1874 621 1942 fortunae,
646 1892 747 1945 quo
775 1878 843 1927 s1t
867 1879 1014 1943 patre
1040 1890 1206 1943 quove
1231 1876 1496 1942 patron0.”

199 1943 272 2009 It,
300 1943 434 1999 redit
459 1949 512 1998 et
537 1949 727 2010 narrat,
754 1943 1025 1998 Vulteium
1049 1943 1253 1997 nomine
1278 1942 1501 2008 Menam,

199 2013 512 2081 Praeconem,
538 2016 684 2070 tenui
708 2033 880 2079 censu,
908 2013 1018 2068 sine
1044 2012 1269 2079 crimine,
1297 2017 1490 2080 notum,

199 2081 271 2136 Et
296 2102 570 2155 properare
593 2085 708 2140 loco
733 2090 786 2140 et
811 2102 1013 2140 cessare
1041 2087 1095 2138 et
1120 2101 1345 2155 quaerere
1369 2087 1422 2137 et
1447 2083 1526 2139 uti

200 2153 524 2210 Gaudentem
549 2156 820 2226 parvisque
845 2154 1104 2209 sodalibus
1130 2159 1184 2207 et
1209 2152 1314 2207 lare
1338 2158 1479 2208 certo

197 2222 270 2278 Et
296 2223 429 2279 ludis
454 2229 508 2280 et
532 2231 653 2296 post
678 2225 848 2280 decisa
871 2225 1082 2296 negotia
1107 2223 1317 2295 Campo·

202 2298 237 2321 “
253 2293 439 2349 Scitari
464 2295 588 2350 libet
612 2314 679 2350 ex
701 2295 829 2365 ipsc,
891 2294 1201 2365 uodcunque
1226 2294 1419 2359 refers;
1457 2292 1540 2350 dic
1718 2297 1788 2351 60

198 2362 286 2418 Ad
311 2383 505 2420 coenam
529 2366 754 2422 veniat.'’
883 2385 949 2420 on
975 2384 1098 2421 sane
1123 2364 1329 2420 credere
1354 2364 1530 2429 Mena,

197 2433 382 2489 Mirari
407 2455 583 2491 secum
607 2435 812 2491 tacitus.
885 2436 1024 2506 Quid
1048 2435 1253 2492 multa?
1328 2435 1656 2505 “Benigne,’³

197 2504 522 2574 Respondet.
575 2511 608 2535 “
622 2506 798 2577 Neget-
813 2504 897 2560 ille
913 2506 1038 2560 mihi
1052 2508 1108 2559 ?'’
1150 2511 1183 2535 ‘⁶
1197 2506 1372 2578 Negat
1386 2505 1648 2587 improbus
1665 2511 1718 2562 et
1733 2509 1789 2563 to

199 2574 439 2646 Negligit
464 2580 553 2630 aut
576 2576 805 2630 horret.”
877 2576 1145 2631 Vulteium
1168 2595 1315 2632 mane
1340 2577 1611 2649 Phihppus

200 2643 339 2700 Vilia
361 2645 666 2701 vendentem
690 2644 922 2701 tunicato
947 2653 1121 2767 spruta
1142 2647 1344 2721 popello

884 2736 902 2756 ⁸
924 2729 970 2769 It
999 2739 1090 2770 ηοω
