2031 2952
536 131 913 182 CARMINUM
945 132 988 180 1.
1025 110 1236 184 27-29.
1611 130 1681 187 25

113 250 201 307 Me
224 265 421 321 quoque
447 246 631 303 devexi
654 244 862 317 rapidus
887 263 1058 301 comes
1083 244 1289 301 Orionis

178 319 392 392 Illyricis
415 318 589 374 Notus
615 316 788 372 obruit
812 314 980 370 undis.

111 392 182 447 At
203 390 276 456 tu,
301 393 476 455 nauta,
502 406 643 459 vagae
666 405 732 442 ne
755 404 906 457 parce
930 385 1183 457 malignus
1207 404 1373 442 arenae

179 460 389 516 Ossibus
413 462 467 514 et
491 457 650 530 capiti
671 457 938 512 inhumato

112 530 413 588 Particulam
436 529 572 584 dare.
647 528 748 595 Sic,
775 527 1116 599 quodcunque
1140 526 1420 585 minabitur
1441 528 1615 586 Eurus

180 600 440 656 Fluctibus
465 599 750 670 Hesperii3‚
775 598 1055 655 Venusinae

113 673 407 729 Plectantur
431 670 571 726 silvae
594 675 648 725 te
673 687 757 723 sos
794 669 883 734 ite,
910 667 1175 740 multaque
1201 686 1411 738 merces,

181 741 328 798 Unde
354 745 541 812 potest,
566 740 663 795 tibi
686 739 748 794 de
786 746 875 795 uat
900 757 1048 811 aequo

113 813 194 870 Ab
216 813 343 867 Jove
366 811 717 883 Neptunoque
740 811 873 865 ‘sacri
895 808 1112 866 custode
1135 810 1359 866 Tarenti.

93 925 97 929 -
180 882 331 954 Negli
372 882 382 893 ’
433 881 699 936 immeritis
722 882 1011 936 nocituram
1614 882 1684 938 30

111 955 287 1011 Postm
356 971 388 1008 o
410 956 466 1007 te
489 951 627 1007 natis
650 950 881 1006 fraudem
905 949 1266 1006 committere?
1326 950 1457 1007 Fors
1479 955 1534 1007 et

179 1023 370 1079 Debita
385 1023 504 1094 jura
523 1022 764 1092 vicesque
789 1040 851 1076 su
886 1021 1022 1077 erbae

110 1091 442 1151 Te'maneant
466 1092 667 1164 ipsum:
705 1092 846 1164 preci
880 1110 943 1146 us
966 1109 1070 1146 non
1093 1091 1296 1163 linquar
1318 1090 1512 1161 inultis,

179 1166 354 1236 Teque
377 1162 577 1235 piacula
599 1162 740 1218 nulla
761 1163 1037 1218 resolvent.

109 1236 427 1308 Quamquam
451 1233 679 1299 festinae,
705 1251 810 1288 non
833 1236 913 1287 est
938 1250 1082 1288 mora
1103 1231 1257 1304 longa
1269 1255 1285 1300 ;
1322 1231 1493 1291 licebit

181 1304 381 1377 Injecto
404 1308 486 1360 ter
508 1303 717 1375 pulvere
743 1321 935 1359 curras,

411 1464 730 1532 'CARMEN
769 1474 1117 1531 XXIX—AD
1155 1492 1371 1533 Iccrtm.

248 1571 387 1639 1001,
412 1570 575 1627 beatis
598 1588 736 1626 nunc
760 1571 990 1626 Arabum
1013 1570 1210 1627 invides

251 1643 401 1699 Gazis
425 1646 479 1697 et
501 1659 670 1697 acrem
695 1641 926 1696 militiam
949 1660 1099 1713 paras

319 1712 445 1768 Non
467 1717 586 1767 ante
610 1711 826 1768 devictis
854 1712 1043 1768 Sabaeae

390 1783 624 1854 Regibus
649 1782 979 1855 horribilique
1004 1783 1162 1839 Medo

251 1853 437 1912 Noctis
463 1855 708 1909 catenas?
768 1855 897 1923 Quae
921 1853 1017 1909 tibi
1040 1855 1294 1920 virginum

252 1925 452 1996 Sponso
474 1928 658 1979 necato
680 1923 896 1980 barbara
918 1925 1146 1981 serviet?

320 1995 459 2050 Puer
482 1994 599 2066 quis
624 2013 690 2050 ex
713 1994 829 2050 aula
851 1994 1048 2066 capillis

390 2063 478 2121 Ad
501 2065 742 2136 cyathum
764 2070 1026 2120 statuetur
1047 2068 1236 2134 unctis,

248 2135 453 2192 Doctus
476 2135 694 2207 sagittas
717 2135 928 2191 tendere
956 2135 1154 2192 Sericas

246 2207 393 2262 Arcu
414 2207 670 2277 paterno?
729 2207 859 2277 Quis
881 2211 1041 2276 neget
1065 2207 1238 2263 arduis
1624 2210 1696 2267 10

318 2276 520 2333 Pronos
542 2275 700 2331 relabi
722 2294 875 2348 posse
899 2276 1038 2332 rivos

390 2347 660 2403 Montibus
685 2352 738 2402 et
763 2346 988 2402 Tiberim
1011 2348 1216 2415 reverti,

248 2416 426 2486 Quum
449 2423 512 2472 tu
534 2420 801 2489 coemptos
825 2416 1053 2489 undique
1076 2417 1262 2474 nobilis
1281 2428 1306 2452 ¹
1480 2423 1509 2451 ⁸

248 2488 440 2544 Libros
465 2488 677 2553 Panaeti,
705 2488 1019 2544 Socraticam
1042 2497 1096 2545 et
1121 2489 1328 2545 domum

322 2558 534 2614 Mutare
557 2558 727 2614 loricis
751 2558 934 2624 Iberis,

391 2628 666 2685 Pollicitus
691 2628 915 2695 meliora,
940 2629 1152 2686 tendis?

801 2731 817 2749 ¹
842 2724 1005 2764 nobiles
