2031 2952
234 114 433 194 ²⁷0*

971 140 1268 192 HORATII

515 269 829 327 CARMEN
865 268 1200 324 XVII.-An
1236 281 1433 322 AEmuu
1468 283 1709 324 mmm

453 361 579 417 AELI
605 363 816 415 vetusto
840 356 1027 412 nobilis
1054 355 1118 412 ab
1142 355 1398 421 Lame,—

452 430 671 503 Quando
697 434 750 485 et
775 428 971 500 priores
996 427 1117 482 hinc
1140 426 1350 482 Lamias
1372 427 1550 483 ferunt

523 501 897 558 Denominatos
922 503 977 553 et
999 504 1247 569 nepotum

594 573 696 628 Per
719 588 967 625 memores
993 587 1160 638 genus
1185 585 1336 623 omne
1362 566 1524 623 fastos

452 644 683 703 Auctore
708 641 773 697 ab
795 639 885 695 illo
910 639 1055 695 ducit
1079 639 1346 721 originem,

450 710 557 786 Qui
580 712 895 769 Formiarum
923 710 1110 766 moenia
1133 709 1323 765 dieitur

519 784 770 854 Princeps
795 786 850 837 et
873 782 1136 836 innantem
1160 779 1371 835 Mariooe

589 851 858 909 Litoribus
882 851 1112 906 tenuisse
1135 850 1302 905 Lirim

452 925 587 982 Late
612 928 862 996 tyrannus
881 941 1082 978 t--cras
1104 920 1241 976 foliis
1263 937 1446 976 nemus

448 995 638 1052 Multis
661 998 715 1050 et
740 993 859 1065 alga
880 993 1005 1047 litus
1030 991 1203 1047 inutili

516 1065 757 1122 Demissa
778 1068 1061 1134 tempestas
1086 1061 1151 1117 ab
1174 1062 1318 1117 Euro

592 1137 817 1201 Sternet,
845 1152 989 1205 aquae
1012 1134 1115 1188 nisi
1141 1132 1275 1187 fallit
1300 1151 1470 1202 augur

449 1208 665 1262 Annosa
686 1205 881 1262 cornix.
955 1205 1097 1259 Dum
1119 1203 1275 1277 potis,
1301 1202 1501 1259 aridum

380 1308 389 1323 ·
449 1278 715 1348 Compone
739 1276 966 1348 lignum:
1005 1293 1119 1329 cras
1145 1273 1366 1329 Genium
1389 1292 1533 1330 mero

521 1346 741 1404 Curubis
767 1351 821 1401 et
844 1363 1003 1417 porco
1029 1344 1264 1400 bimestri

585 1418 717 1474 Cum
743 1416 946 1472 famulis
970 1433 1187 1488 operum
1211 1414 1415 1471 solutis.

591 1563 907 1620 CARMEN
944 1563 1313 1619 XV111.—.u>
1350 1580 1604 1622 nonum.

447 1662 663 1729 Fatum,
686 1660 744 1726 ⁸N
832 1660 1052 1733 pharum
1075 1659 1367 1731 fugientum
1392 1667 1608 1729 amator,

443 1733 548 1787 Per
571 1751 713 1788 meos
810 1750 866 1787 es
891 1736 947 1786 et
970 1729 1145 1802 aprica
1167 1749 1291 1786 rura
1381 1758 1389 1766 ·

443 1802 605 1859 Lenis
630 1801 840 1858 incedas
867 1801 1122 1873 abeasque
1147 1802 1318 1873 parvis

583 1874 788 1944 AEquus
812 1872 1051 1938 alumnis„

445 1942 501 1998 Si
525 1947 674 1999 tener
699 1942 851 2014 pleno
877 1943 1018 1998 cadit
1041 1941 1221 1998 haedus
1245 1960 1394 2008 anno,

442 2013 615 2084 Larga
639 2032 732 2071 uec
757 2013 947 2069 desunt
970 2013 1192 2068 Veneris
1218 2012 1384 2069 sodali

440 2085 580 2141 Vina
602 2089 829 2151 craterae,
857 2088 1009 2139 vetus
1034 2102 1123 2139 ara
1145 2083 1311 2139 multo

582 2154 769 2209 Fumat
795 2154 968 2209 odore.

442 2225 608 2281 Ludit
631 2225 851 2281 herboso
875 2242 1036 2295 pecus
1059 2241 1208 2279 omne
1233 2242 1431 2297 oampO,

439 2296 615 2365 Quum
639 2295 736 2351 tibi
759 2296 929 2351 Nonae
953 2294 1173 2350 redeunt
1197 2295 1545 2364 Decembres;

439 2365 630 2422 Festus
654 2366 709 2421 in
768 2365 892 2420 ratis
918 2370 1066 2421 vacat
1091 2365 1261 2421 otioso

579 2436 713 2491 Cum
774 2454 869 2490 ove
892 2455 1089 2506 pagus:

438 2506 590 2562 Inter
613 2505 832 2561 audaces
856 2505 1010 2577 lupus
1037 2509 1175 2560 errat
1201 2524 1395 2578 agnos3

441 2576 649 2700 Sparcfit
674 2580 906 2657 agrestes
932 2575 1028 2631 tibi
1051 2576 1181 2630 silva
1203 2577 1444 2645 frondes3

440 2647 556 2702 Gau
592 2650 645 2701 et
668 2664 885 2700 invisam
909 2646 1170 2717 pepulisse
1193 2647 1363 2703 fossor

577 2715 682 2771 Ter
704 2715 834 2786 pede
856 2720 1064 2770 terram.

1838 993 1919 1051 10
