2031 2952
227 167 233 174 .
284 127 385 178 1es
458 104 459 107 ’
935 118 1231 171 nonum

285 243 317 272 “
331 239 418 295 Ne
443 238 557 311 quis
581 238 821 296 humasse
843 239 972 297 velit
995 239 1224 313 Ajacem,
1251 238 1451 307 Atrida,
1477 241 1625 296 vetas
1649 258 1745 296 cur
1761 239 1848 296 1²³⁹

287 312 450 365 “Rex
474 313 640 366 sum.’'
687 311 829 366 “Nil
851 310 992 367 ultra
1015 330 1188 382 quaero
1213 310 1495 381 plebeius.”
1541 310 1656 366 “Et
1681 329 1909 382 aequam

285 381 419 437 Rem
444 381 713 452 imperito;
752 401 812 438 ac
837 382 882 438 si
905 383 991 438 eui
1015 381 1192 438 videor
1215 400 1320 437 non
1339 382 1531 451 justus,
1559 379 1729 437 multo

258 478 261 481 ·
286 451 492 517 Dicere,
520 451 661 523 quod
684 453 858 519 sentit,
886 453 1184 523 permitto.”
1248 453 1524 508 “Maxime
1550 471 1747 525 regum,
1787 452 1908 508 190

286 522 359 577 Di
384 521 479 578 tibi
505 522 629 577 dent
653 529 806 594 capta
828 523 1044 579 classem
1067 523 1318 580 deducere
1342 524 1523 605 Troja!

288 593 362 649 Er
398 610 429 647 o
454 592 720 649 consulere
744 599 797 649 et
822 612 944 648 mox
967 594 1275 665 respondere
1300 594 1476 650 liceblt
1494 593 1562 649 ?'’
2013 586 2014 625 ¹

290 668 325 693 ‘⁶
391 663 624 719 onsule.'’
697 667 733 692 “
753 664 861 719 Cur
885 665 1036 746 Ajax,
1066 665 1215 721 heros
1238 664 1303 720 ab
1328 664 1528 721 Achille
1558 661 1847 731 secunduS,

289 734 541 801 Putescit,
567 734 723 790 toties
748 741 964 789 servatis
989 735 1159 790 clarus
1184 736 1411 801 Achivis,

290 804 526 860 Gaudeat
548 808 611 860 ut
637 805 857 876 populus
884 805 1076 860 Priami
1100 806 1438 877 Priamusque
1461 805 1746 872 inhumato,

289 876 392 930 Per
450 893 567 930 uem
591 879 673 930 tot
693 876 909 946 juvenes
933 876 1103 947 patrio
1129 895 1336 931 caruere
1360 876 1631 957 sepulchro
1648 877 1714 932 ?'’

293 950 329 976 “
345 947 427 1002 Mi
464 965 493 1002 e
516 946 688 1001 ovium
713 946 923 1001 insanus
949 946 1106 1001 morti
1129 946 1287 1012 dedit,
1312 946 1549 1002 inclitum
1572 945 1773 1001 Ulixen

291 1017 363 1074 Et
388 1016 683 1072 Menelaum
709 1034 812 1071 una
835 1036 1037 1072 mecum
1061 1034 1117 1072 se
1141 1017 1373 1073 occidere
1397 1018 1671 1072 clamans.”

294 1093 330 1117 “
344 1088 427 1143 Tu
451 1106 608 1160 quum
634 1105 728 1158 pro
752 1087 916 1142 vitula
940 1088 1128 1142 statuis
1154 1087 1354 1143 dulcem
1380 1087 1567 1143 Aulide
1590 1090 1767 1142 natam
2015 1046 2016 1131 l

295 1160 434 1214 Ante
458 1177 572 1214 aras
597 1158 900 1229 spargisque
924 1158 1062 1213 mola
1085 1163 1258 1229 caput,
1283 1158 1530 1229 improbe,
1557 1157 1709 1223 salsa,
1782 1159 1904 1215 200

293 1229 518 1312 Rectum
545 1228 700 1354 angmi
723 1247 896 1285 servas
913 1229 971 1284 ?”
1032 1229 1330 1295 “Quorsum
1346 1229 1403 1285 1’”
1463 1229 1735 1284 “Insanus
1764 1230 1907 1301 quid

434 1318 569 1355 emm
665 1317 730 1354 ax

293 1370 457 1437 Fecit,
484 1320 660 1443 quumJ
668 1370 855 1427 stravit
880 1371 1015 1427 ferro
1040 1371 1238 1442 pecus?
1298 1370 1569 1427 Abstinuit
1592 1370 1697 1427 vim

295 1443 474 1499 Uxore
498 1449 552 1497 et
576 1446 735 1513 gnato
756 1464 771 1510 ;
806 1441 941 1497 mala
963 1442 1127 1499 multa
1150 1447 1386 1514 precatus
1410 1441 1625 1508 Atridis,

295 1514 422 1570 Non
444 1513 529 1568 ille
555 1518 645 1568 aut
670 1512 925 1568 Teucrum
950 1520 1042 1569 aut
1065 1514 1234 1586 ipsum
1259 1513 1470 1569 violavit
1493 1513 1738 1568 Ulixen.'’

298 1589 332 1613 “
350 1584 550 1639 Verum
574 1601 689 1655 eg0,
716 1589 776 1638 ut
802 1584 1055 1640 haerentes
1080 1584 1296 1640 adverso
1320 1584 1470 1640 litore
1492 1602 1650 1639 naves

296 1655 579 1725 Eriperem,
605 1653 831 1725 prudens
856 1654 1053 1724 placavi
1078 1655 1325 1727 sanguine
1349 1653 1567 1710 Divos.”

298 1726 553 1796 “Nempe
577 1729 686 1790 tuo,
714 1725 959 1780 furiose.'’
1037 1726 1225 1792 “Me0‚
1250 1724 1340 1780 sed
1366 1744 1470 1781 non
1493 1725 1774 1781 furiosus.”

297 1796 407 1856 Qui
431 1795 626 1866 species
652 1794 776 1851 alias
802 1795 937 1850 veris
962 1795 1273 1868 scelerisque
1296 1796 1530 1852 tumultu

296 1868 589 1922 Permixtas
613 1866 796 1938 capiet,
824 1873 1113 1922 commotus
1138 1866 1426 1934 habebitur,
1455 1871 1625 1939 atque,

299 1937 602 1993 Stultitiane
626 1942 778 2003 erret,
803 1937 1023 1992 nihilum
1047 1938 1274 2004 distabit,
1301 1955 1366 1991 an
1391 1938 1482 1993 ira.
1787 1939 1903 1996 210

298 2009 436 2081 Ajax
459 2009 741 2063 immeritos
766 2027 928 2080 quum
951 2008 1158 2075 occidit,
1186 2008 1293 2063 desi
1331 2008 1387 2072 it,
1415 2026 1606 2079 agnos;

298 2078 475 2148 Quum
498 2079 722 2150 prudens
747 2079 916 2135 scelus
942 2079 1009 2136 ob
1034 2079 1215 2134 titulos
1241 2097 1271 2132 a
1306 2078 1472 2134 mittis
1496 2079 1689 2141 inanes,
1728 2076 1898 2147 [oorP

300 2151 421 2205 Stas
446 2149 614 2204 animo
639 2155 692 2205 et
718 2169 903 2220 purum
928 2155 1009 2206 est
1033 2150 1161 2204 vitio
1185 2148 1298 2213 tibi,
1320 2168 1478 2221 quum
1506 2146 1765 2204 tumidum
1787 2157 1894 2219 est,

301 2222 357 2275 Si
381 2221 498 2290 quis
521 2219 707 2276 lectica
730 2219 946 2276 nitidam
969 2228 1175 2293 gestare
1200 2225 1335 2275 amet
1362 2238 1560 2290 agnam,

298 2291 444 2347 Huic
470 2296 680 2354 vestem,
706 2295 767 2345 ut
793 2296 978 2362 gnatas,
1004 2295 1152 2363 paret
1176 2289 1401 2354 ancillas,
1430 2295 1576 2360 paret
1600 2308 1799 2357 aurum,

299 2361 492 2416 Rufam
518 2364 609 2415 aut
637 2361 876 2416 Pusillam
904 2361 1144 2433 appellet,
1169 2360 1395 2430 fortique
1420 2361 1604 2416 marito
2016 2331 2018 2450 4

300 2430 549 2486 Destinet
574 2449 788 2486 uxorem
800 2453 818 2497 ;
854 2431 1135 2487 interdicto
1158 2430 1280 2488 huic
1304 2448 1453 2485 omne
1479 2431 1670 2486 adimat
1690 2430 1779 2502 jus

302 2500 502 2554 Praetor
525 2505 579 2555 et
604 2499 668 2554 ad
693 2519 845 2556 sanos
871 2502 1022 2557 abeat
1047 2500 1213 2556 tutela
1235 2500 1568 2573 propinquos.

301 2568 483 2636 Quid?
519 2569 564 2623 si
588 2570 701 2640 quis
726 2577 932 2642 gnatam
960 2590 1055 2642 pro
1080 2576 1225 2625 muta
1246 2570 1465 2626 devovet
1489 2590 1636 2643 agna,

303 2639 519 2707 Integer
542 2648 622 2693 est
648 2641 840 2695 animi?
901 2642 985 2696 Ne
1011 2641 1219 2696 dixeris.
1291 2640 1449 2711 Ergo,
1474 2641 1564 2696 ubi
1591 2660 1750 2712 prava
1788 2644 1894 2701 220

305 2708 555 2772 Stultitia,
583 2708 666 2764 hic
690 2728 889 2764 summa
911 2716 992 2765 est
1015 2711 1243 2775 insania3
1282 2712 1370 2781 qui
1396 2712 1678 2768 sceleratus

303 2778 377 2834 Et
401 2777 624 2834 furiosus
650 2780 785 2846 erit3
821 2799 975 2852 quem
998 2781 1138 2852 cepit
1161 2781 1328 2836 vitrea
1351 2781 1502 2849 fama,
