2031 2952
129 135 363 183 -*58

955 130 1262 180 HORATII‘
1360 142 1365 147 ·

429 237 638 294 In‘ecta
658 236 905 294 monstris
928 237 1091 292 Terra
1114 236 1255 292 dolet
1279 236 1390 292 suis

504 313 731 380 aeretque
758 314 936 379 partus
962 307 1175 364 fulmine
1200 306 1427 363 luridum

506 379 702 434 Missos
726 379 794 433 ad
815 379 1011 434 Orcum
1032 398 1047 444 3
1081 396 1177 434 nec
1199 377 1401 451 peredit

577 449 883 522 Impositam
907 449 1045 505 celer
1067 448 1205 531 ignis
1228 449 1460 517 AEtnam,

438 517 824 576 Incontinentis
847 537 946 575 nec
969 520 1113 591 Τίῳ]
1129 520 1279 590 jecur

437 589 677 662 Reliquit
702 590 827 657 ales,
851 589 1098 662 nequitiae
1123 589 1332 651 additus

509 661 738 728 Custos3
775 665 1055 716 amatorem
1081 663 1329 716 trecentae

579 731 875 788 Pirithoum
899 731 1142 787 cohibent
1167 735 1378 788 catenae.

385 966 705 1024 CARMEN
740 966 949 1023 V.-1n
993 983 1229 1022 munau
1267 983 1511 1024 cAEsms
1545 983 1812 1027 mensu.

436 1079 602 1135 COELO
623 1082 892 1135 tonantem
915 1078 1235 1136 credidimus
1259 1080 1295 1134 J
1296 1098 1447 1136 ovem

435 1150 709 1222 Regnare:
748 1169 978 1222 praesens
1004 1150 1158 1206 divus
1183 1149 1458 1207 habebitur

509 1224 556 1276 A
670 1226 783 1303 stus
808 1220 1028 1303 adjectis
1054 1221 1321 1277 Britannis
1342 1291 1353 1303 .

441 1291 1400 1445 megarae§13333-‘32211552355-

441 1431 631 1505 Turpis
657 1442 874 1490 maritus
896 1439 1028 1489 vixit
1052 1438 1108 1489 et
1132 1431 1376 1500 hostium,

510 1504 617 1574 Pro
642 1504 787 1560 curia
810 1504 1107 1577 inversique
1131 1504 1331 1559 mores!

581 1574 871 1630 Consenuit
897 1593 1196 1631 socerorum
1219 1574 1276 1629 in
1299 1573 1456 1630 armis

440 1642 551 1700 Sub
573 1662 698 1715 rege
722 1646 884 1701 Medo
908 1646 1119 1701 Marsus
1142 1650 1198 1701 et
1221 1645 1447 1716 Apulus,

437 1714 757 1771 Anciliorum
782 1721 837 1771 et
862 1716 1084 1772 nominis
1106 1721 1163 1771 et
1184 1720 1322 1787 togae

510 1785 724 1844 Oblitus
747 1790 1056 1860 aeternaeque
1079 1787 1276 1851 Vestae,

580 1857 838 1913 Incolumi
861 1859 994 1913 Jove
1019 1862 1076 1913 et
1100 1855 1228 1912 urbe
1252 1858 1470 1913 Roma?

437 1926 560 1983 Hoc
584 1933 789 1983 caverat
814 1946 958 1983 mens
976 1928 1199 2010 provida
1221 1927 1418 2000 Reguli

437 1997 814 2054 Dissentientis
837 1998 1221 2054 conditionibus

506 2068 678 2125 Foedis
697 2073 752 2124 et
775 2068 1010 2141 exemplo
1037 2068 1289 2124 trahentis

576 2139 865 2195 Perniciem
889 2139 1100 2195 veniens
1126 2140 1178 2194 in
1205 2158 1389 2207 aevum,

439 2209 624 2266 Sinon
647 2210 840 2283 periret
865 2209 1242 2265 immiserabilis
1449 2235 1454 2242 ·

437 2280 660 2351 Captiva
682 2280 862 2353 pubes.
939 2286 972 2310 “
990 2282 1150 2352 Signa
1173 2299 1272 2352 ego
1295 2279 1512 2337 Punicis

507 2351 697 2406 Adfixa
721 2350 948 2406 delubris
973 2358 1029 2407 et
1055 2370 1196 2406 arma

575 2421 834 2477 Militibus
858 2422 969 2477 sine
994 2421 1185 2488 caede‚'’
1212 2419 1362 2488 dixit,

439 2494 475 2519 ‘⁶
489 2489 725 2562 Derepta
746 2492 867 2558 vidi,
895 2491 1002 2546 vidi
1027 2510 1125 2563 ego
1150 2491 1341 2548 civium

433 2560 659 2616 Retorta
680 2566 830 2634 tergo
856 2562 1065 2617 brachia
1087 2561 1251 2618 libero

504 2630 790 2701 Portasque
817 2650 921 2686 non
943 2632 1144 2687 clausas
1171 2637 1223 2687 et
1250 2650 1375 2687 arva

573 2700 747 2756 Marte
772 2701 874 2756 coli
897 2702 1147 2772 populata
1170 2707 1350 2758 nostro

1837 737 1914 793 80

1850 1720 1932 1775 10

1847 2422 1933 2476 20
