2031 2952
642 121 1045 174 SATIRARUM
1079 123 1151 172 ῘῘ.
1185 125 1237 172 3.
1641 121 1741 173 169

134 237 310 295 Hunc
334 235 702 294 circumtonuit
727 233 956 307 gaudens
983 234 1198 290 Bellona
1221 234 1471 291 cruentis.v

136 308 308 363 Nunc
332 326 428 380 age
451 306 706 363 luxuriam
732 312 786 361 et
810 306 1192 362 Nomentanum
1220 305 1387 377 arripe
1409 322 1642 362 mecum:

136 378 340 434 Vincet
364 379 498 433 enim
524 378 714 433 stultos
738 378 873 433 ratio
896 376 1119 432 insanire
1142 380 1373 447 nepotes,

136 448 251 504 Hic
278 447 431 503 simul
455 449 651 521 accepit
675 448 952 532 patrimoni
976 448 1115 503 mille
1139 448 1349 514 talenta,

136 519 335 586 Edicit,
362 519 588 590 piscator
611 524 707 586 uti,
733 518 1012 591 pomarius,
1038 536 1243 589 auceps,

137 589 540 660 'Unguentarius
561 609 621 647 ac
647 590 803 646 Tusci
828 589 983 644 turba
1006 589 1165 660 impia
1187 588 1303 654 vici,

139 660 275 715 Cum
304 661 496 716 scurris
517 660 697 727 fartor,
723 679 838 716 cum
868 660 1093 716 Velabro
1118 679 1267 715 omne
1289 660 1576 727 macellum,
1633 661 1739 714 229

138 730 304 786 Mane
330 732 537 786 domum
554 732 776 788 veniant.
866 730 956 786 uid
981 733 1135 785 tum?
1159 731 1363 787 Venere
1379 731 1403 764 ¹²
1428 732 1738 802 frequentes.

137 801 321 856 Verba
344 802 468 858 facit
491 802 639 858 leno:
681 806 714 831 “
729 802 835 861 Qui
874 801 998 873 quid
1028 801 1165 867 mihi,
1188 801 1437 874 quidquid
1461 807 1515 857 et
1540 802 1724 856 horum

38 898 41 901 ·
141 871 348 943 Cuique
367 872 504 928 domi
523 878 618 939 est,
635 872 691 927 id
716 871 865 927 crede
881 878 1033 927 tuum
1052 877 1105 928 et
1124 872 1207 927 vel
1227 882 1364 928 u'unc
1388 878 1509 945 pete
1522 872 1605 928 vel
1624 889 1739 928 cras

141 943 354 1014 Accipe,
382 942 506 1014 quid
529 948 709 999 contra
727 943 931 1013 juvenis
958 943 1279 1014 responderit
1304 962 1512 1015 aequus:

143 1016 181 1041 “
196 1013 264 1067 In
286 1014 405 1068 nive
429 1013 641 1069 Lucana
665 1013 855 1068 dormis
881 1019 1136 1078 ocreatus,
1162 1019 1225 1068 ut
1250 1032 1428 1085 aprum

143 1082 357 1138 Coenem
381 1102 507 1155 ego:
548 1091 608 1139 tu
630 1084 795 1156 pisces
821 1084 1035 1140 hiberno
1062 1103 1129 1140 ex
1152 1102 1355 1166 aequore
1380 1082 1572 1146 verris;

144 1153 330 1225 Segnis
355 1173 453 1225 ego
478 1154 719 1226 indignus
746 1155 836 1227 qui
857 1159 1059 1211 tantum
1088 1154 1404 1226 possideam:
1443 1154 1618 1210 aufer!

133 1224 303 1349 {utne
330 1224 426 1280 tibi
450 1225 636 1291 decieS,
664 1224 759 1280 tibi
783 1225 1123 1292 tantundem3
1160 1225 1257 1280 tibi
1280 1225 1486 1297 triplex,

201 1294 300 1349 nde
323 1313 456 1350 uxor
481 1294 647 1351 media
669 1296 832 1351 currit
856 1295 919 1351 de
944 1301 1098 1352 nocte
1121 1296 1353 1352 vocata?

143 1363 306 1420 Filius
330 1365 459 1420 AEso
496 1366 512 1420 i
538 1366 822 1423 detractam
847 1385 913 1422 ex
938 1385 1061 1421 aure
1086 1367 1330 1432 Metellae,

146 1434 355 1491 Scilicet
379 1439 441 1491 ut
501 1436 634 1493 ecies
659 1436 881 1493 solidum
906 1436 1207 1493 obsorberet
1221 1439 1250 1505 ¹,
1278 1440 1424 1494 aceto
1632 1437 1738 1493 240

142 1504 313 1561 Diluit
335 1506 586 1577 insignem
612 1507 850 1564 baccam}
890 1510 979 1581 qui
1004 1509 1190 1574 sanior,
1218 1527 1277 1564 ac
1302 1509 1347 1564 si

143 1575 285 1630 Illud
309 1576 443 1631 idem
466 1577 520 1632 in
542 1577 775 1650 rapidum
801 1579 995 1634 flumen
1013 1580 1272 1651 jaceretve
1296 1579 1562 1635 cloacam?

146 1645 325 1714 Quinti
349 1649 621 1729 progenies
646 1650 784 1715 Arri,
812 1669 906 1722 par
927 1650 1098 1706 nobile
1122 1651 1357 1718 fratrum,

146 1716 396 1788 Nequitia
418 1722 472 1773 et
497 1719 664 1791 nugis,
690 1739 965 1790 pravorum
990 1726 1044 1776 et
1068 1740 1239 1777 amore
1263 1719 1556 1793 gemellum,

145 1787 414 1845 Luscinias
441 1790 581 1845 soliti
605 1790 838 1863 impenso
863 1792 1113 1863 prandere
1138 1797 1420 1864 coempta&

146 1857 403 1927 Quorsum
426 1858 650 1917 abeant?
713 1862 886 1917 Sanin’
912 1869 1071 1930 creta,
1098 1881 1164 1917 an
1187 1862 1405 1918 carbone
1427 1858 1680 1915 notandi?

147 1928 417 1985 AEdificare
442 1949 601 1998 casas,
630 1932 868 2004 plostello
894 1933 1174 2005 adjungere
1199 1950 1387 1998 mures,

145 1996 346 2081 Ludere
369 2020 463 2072 par
485 2002 663 2072 impar,
690 2022 719 2058 e
754 2005 920 2059 uitare
944 2005 1002 2058 in
1026 2003 1273 2059 arundine
1296 2003 1467 2074 longa,

157 2070 211 2124 S1
233 2088 381 2141 quem
408 2070 629 2128 delectet
655 2074 747 2129 bar
781 2081 939 2140 atum,
967 2075 1192 2129 amentia
1212 2080 1400 2129 verset.

153 2140 207 2194 Si
227 2140 470 2212 puerilius
496 2142 576 2198 his
601 2144 734 2199 ratio
760 2162 872 2199 esse
897 2146 1102 2199 evincet
1125 2161 1309 2210 amare,
1629 2143 1734 2196 250

149 2210 260 2266 Nec
285 2211 560 2283 quidquam
585 2213 804 2280 differre,
829 2221 1075 2269 utrumne
1098 2215 1152 2269 in
1177 2214 1402 2285 pulvere,
1429 2212 1614 2268 trimus

151 2280 306 2350 Quale
331 2282 490 2352 prius,
517 2283 664 2339 ludas
690 2304 838 2355 opus,
865 2304 930 2340 an
955 2285 1239 2340 meretricis
1265 2303 1435 2340 amore

89 2412 100 2420 ,
153 2351 405 2408 Sollicitus
431 2354 601 2423 plores
624 2374 636 2409 ε
675 2374 862 2427 quaem,
889 2355 1129 2421 faciasne,
1157 2354 1292 2426 quod
1317 2354 1438 2409 olim

152 2421 384 2479 Mutatus
410 2424 700 2482 Polemon?
737 2445 898 2497 ponas
922 2426 1143 2497 insignia
1166 2424 1346 2491 morbi,

149 2492 414 2559 Fasciolas,
441 2494 651 2562 cubital,
675 2497 872 2562 focalia,
900 2501 1055 2568 potus
1081 2500 1142 2552 ut
1166 2496 1251 2551 ille

152 2563 348 2619 Dicitur
372 2583 438 2619 ex
463 2566 593 2620 collo
618 2567 792 2621 furtim
819 2567 1071 2637 carpsisse
1096 2585 1327 2633 corona8‚

153 2634 425 2706 Postquam
449 2640 529 2690 est
553 2635 803 2705 impransi
825 2642 1095 2709 correptus
1119 2656 1244 2695 voce
1269 2637 1546 2711 magistri?

288 2729 308 2760 Ι·
337 2729 425 2777 Qui
440 2741 575 2782 quum
594 2742 753 2774 venere
1296 2734 1307 2764 ¹
1333 2735 1584 2777 exsorberet
