2031 2952
268 103 370 155 21¹4
889 154 894 163 ⁸
916 96 1217 148 nona'rrr

271 219 403 281 Nec,
429 233 588 288 quum
612 212 787 270 venari
809 213 949 269 volet
974 212 1078 280 ille,
1103 214 1340 285 poemata
1356 230 1571 293 panges.
1801 218 1879 272 40

271 287 452 343 Gratia
475 287 549 341 sic
575 286 791 341 fratrum
816 284 1153 356 geminorum,
1178 283 1484 354 Amphionis
1508 288 1663 356 atque

272 357 436 424 Zethi,
463 355 700 422 dissiluit,
726 355 889 410 donec
912 359 1156 426 suspecta
1178 371 1357 409 severo

272 427 539 484 Conticuit
563 425 688 497 lyra.
763 425 1025 480 Fraternis
1050 425 1263 481 cessisse
1287 426 1506 505 putatur

271 497 511 555 Moribus
535 495 827 568 Amphion:
869 501 930 550 tu
954 496 1078 551 cede
1102 500 1329 567 potentis
1354 494 1506 550 amici

263 568 503 636 Lenibus
527 566 771 640 imperiis,
798 566 1102 638 quotiesque
1128 564 1313 621 educet
1338 565 1390 620 in
1416 584 1569 637 agros

219 682 230 703 .
272 639 464 697 AEtolis
489 642 699 693 onerata
723 637 885 708 plagis
905 637 1142 709 jumenta
1166 654 1317 691 canes
1354 655 1434 703 ue,

275 713 443 782 Surge
468 713 521 763 et
544 708 834 764 inhumanae
859 708 1057 762 senium
1083 707 1280 778 depone
1351 724 1556 772 amenae,

274 782 458 836 Coenes
483 785 544 834 ut
569 779 760 850 pariter
782 778 1048 850 pulmenta
1070 776 1330 832 laboribus
1354 781 1528 849 empta
1541 798 1558 843 3

272 851 525 907 Romanis
548 850 793 905 sollemne
817 848 941 905 viris
967 866 1115 918 opuS‚
1140 846 1266 902 utile
1291 847 1438 902 famae

272 922 515 993 Vitoeque
539 924 593 975 et
615 918 871 985 membris,
897 917 1180 990 praesertim
1208 936 1365 989 quum
1390 917 1560 972 valeas
1585 919 1638 972 et
1805 920 1880 974 50

274 992 379 1047 Vel
404 1005 559 1048 cursu
584 1009 648 1045 su
683 1008 826 1045 erare
851 1007 1028 1044 canem
1053 988 1136 1043 vel
1159 987 1351 1043 viribus
1377 1006 1560 1059 aprum

275 1063 468 1119 Possis.
541 1060 627 1116 Ad
663 1079 706 1126 e,
732 1059 897 1115 virilia
921 1059 1061 1131 quod
1085 1058 1367 1130 speciosius
1391 1076 1533 1113 arma

275 1134 403 1190 Non
427 1136 507 1188 est
532 1132 619 1204 qui
643 1135 833 1186 tractet
854 1129 1043 1185 :—scis
1068 1147 1169 1201 quo
1194 1128 1412 1184 clamore
1438 1146 1638 1184 coronae

277 1203 466 1259 Proelia
490 1202 744 1258 sustineas
768 1198 1293 1272 campestria3-deni
1329 1217 1394 1254 ue
1419 1218 1605 1254 saevam

193 1322 206 1335 .
276 1275 519 1330 Militiam
543 1291 673 1345 puer
696 1276 750 1327 et
776 1270 1081 1326 Cantabrica
1102 1269 1235 1324 bella
1258 1272 1317 1324 tu
1343 1269 1425 1324 'sti

281 1345 390 1400 Sub
415 1345 562 1411 duce,
590 1342 678 1415 qui
702 1347 805 1398 tem
845 1341 908 1397 li's
932 1340 1244 1395 Part-horum
1268 1339 1415 1409 signa
1438 1339 1606 1421 refigit
1621 1340 1645 1372 ‘¹
1710 1367 1715 1373 ·

278 1416 439 1472 Nunc
464 1419 535 1481 et,
562 1414 607 1470 si
631 1412 752 1485 quid
779 1362 940 1479 abest,
967 1411 1118 1467 Italis
1143 1409 1400 1466 ad‘udicat
1424 1430 1595 1466 armis.

278 1489 514 1551 Ac,—ne
538 1490 593 1540 te
618 1484 846 1539 retrahas
871 1488 924 1538 et
948 1484 1195 1538 inexcnsa
1231 1482 1312 1537 ilis
1336 1481 1559 1550 absis—,

282 1556 533 1615 Quamvis
558 1554 629 1609 nil
652 1559 800 1608 extra
822 1573 1091 1609 numerum
1116 1553 1297 1608 fecisse
1320 1554 1630 1626 modumque

283 1627 476 1681 Curas:
516 1623 774 1679 interdum
796 1624 1007 1694 nugaris
1033 1643 1150 1679 rure
1173 1630 1388 1695 paterno
1401 1648 1417 1693 3
1808 1627 1881 1680 60

281 1696 517 1752 Partitur
538 1695 717 1750 lintres
742 1694 1014 1759 exercituS,
1028 1695 1195 1750 Actia
1218 1714 1394 1779 pugna

282 1768 357 1823 'l'e
382 1767 512 1822 duce
538 1784 628 1847 per
649 1783 836 1837 pueros
862 1764 1037 1820 hostili
1060 1784 1200 1820 more
1224 1770 1463 1834 retertur,

282 1838 624 1894 Adversarius
648 1840 729 1891 est
753 1836 925 1902 frater,
951 1835 1094 1891 lacus
1118 1834 1331 1902 Hadria,
1359 1836 1522 1893 donec

283 1909 610 1965 Alterutrum
636 1906 788 1961 velox
809 1905 1045 1961 Victoria
1067 1906 1249 1962 fronde
1272 1912 1502 1964 coronet.

285 1978 589 2035 Consentire
614 1977 721 2033 suis
746 1976 931 2032 studiis
954 1979 1043 2050 qui
1068 1976 1341 2034 crediderit
1365 1982 1436 2044 te,

284 2050 482 2104 Fautor
503 2047 725 2121 utroque
747 2052 894 2103 tuum
920 2047 1150 2103 laudabit
1173 2047 1357 2119 pollice
1382 2047 1576 2103 ludum.

284 2120 533 2177 Protinus
556 2125 617 2174 ut
642 2118 991 2174 moneam—si
1017 2118 1138 2191 quid
1164 2118 1430 2173 monitoris
1455 2137 1576 2188 eges
1597 2123 1749 2186 tu—-,

285 2190 427 2260 Quid
451 2190 515 2246 de
540 2208 743 2262 quoque
768 2191 877 2244 viro
902 2194 956 2252 et
981 2189 1066 2243 cui
1090 2188 1246 2253 dicaS,
1273 2207 1407 2270 saepe
1430 2190 1621 2246 videto.

286 2261 710 2317 Percontatorem
736 2260 789 2314 su
826 2260 916 2325 ito,
944 2278 1059 2314 nam
1087 2258 1323 2330 garrulus
1347 2258 1482 2314 idem
1507 2264 1604 2326 est,

288 2332 404 2387 Nec
427 2332 654 2386 retinent
678 2279 868 2401 patuffae
893 2330 1169 2386 commissa
1194 2328 1408 2384 fideliter
1433 2348 1600 2398 aureS,
1810 2330 1879 2389 70

287 2401 361 2457 Et
387 2400 543 2455 semel
566 2401 809 2455 emissum
832 2401 971 2455 volat
996 2398 1326 2454 irrevocabile
1349 2399 1582 2457 verbum.

288 2471 414 2524 Non
437 2470 618 2524 anoilla
641 2475 789 2524 tuum
809 2471 958 2542 jecur
982 2469 1179 2523 ulceret
1202 2468 1307 2523 ulla
1328 2487 1523 2540 puerve

290 2539 441 2592 Intra
464 2557 804 2595 marmoreum
829 2538 1105 2595 venerandi
1128 2538 1284 2593 limen
1308 2539 1474 2605 amici,

291 2608 379 2663 Ne
403 2607 639 2664 dominus
663 2610 813 2682 pueri
834 2609 1037 2683 pulchri
1062 2626 1254 2664 caraeve
1278 2607 1462 2681 puellae

988 2700 1013 2730 d
1035 2700 1183 2743 refixit
