2031 2952
285 159 386 211 160
943 130 1240 206 nomm

284 272 572 333 Praesentes
597 270 794 338 Austri,
820 271 1030 344 coquite
1053 270 1235 326 horum
1261 269 1487 326 obsonia.
1549 270 1885 343 Quamquam

278 342 447 398 ‘Putet
471 360 591 412 aper
614 342 957 414 rhombusque
980 360 1176 407 recenS,
1204 341 1335 397 mala
1360 341 1509 414 copia
1532 341 1738 414 quando

284 413 504 482 AEgrum
528 412 770 468 sollicitat
796 412 1132 478 stomachum,
1195 431 1319 467 uum
1344 411 1521 483 rapula
1546 411 1727 484 plenus

284 485 460 554 Atque
484 481 650 538 acidas
674 483 868 538 mavult
891 484 1072 539 inulas.
1204 482 1384 538 eodum
1411 484 1576 538 omnis
1601 482 1785 539 abacta

286 553 564 625 Pauperies
590 553 754 624 epulis
779 573 990 624 regum3
1029 570 1148 609 nam
1171 553 1360 608 vilibus
1386 553 1497 608 ovis

285 623 357 680 Ni
421 623 567 694 isque
591 628 672 679 est
696 623 820 679 oleis
846 623 995 680 hodie
1019 623 1179 697 locus.
1251 623 1412 679 Haud
1434 624 1510 678 ita
1532 622 1731 694 pridem

289 694 333 748 G
403 693 490 749 oni
515 694 763 766 praeconis
788 699 898 750 erat
922 695 1216 766 acipensere
1239 713 1417 759 mensa

285 764 514 820 Infamis.
575 764 716 833 Quid
736 766 758 820 P
795 771 923 822 tunc
946 763 1188 820 rhombos
1212 765 1380 820 minus
1404 780 1612 835 aequora
1630 761 1838 818 alebant
1854 767 1881 819 ἓ

285 835 453 890 Tutus
478 840 589 891 erat
613 834 858 891 rhombus
881 840 1101 908 tutoque
1125 835 1321 892 ciconia
1343 834 1480 899 nido,
1765 869 1770 874 -

286 905 468 962 Donec
491 924 584 962 vos
608 912 791 962 auctor
814 906 989 964 docuit
1014 906 1302 979 praetorius.
1376 906 1517 975 Ergo
1804 905 1883 959 50

288 976 346 1030 Si
367 976 482 1047 quis
505 995 644 1032 nunc
666 996 869 1060 mergos
893 997 1078 1034 suaves
1102 977 1320 1032 edixerit
1345 993 1505 1042 assos,

285 1045 497 1102 Parebit
518 1047 663 1119 pravi
687 1047 864 1104 docllis
889 1049 1127 1104 Romana
1146 1048 1396 1119 juventus

289 1117 538 1173 Sordidus
562 1137 595 1175 a
615 1120 759 1174 tenui
781 1120 924 1175 victu
949 1117 1176 1184 distabit,
1202 1117 1371 1173 Ofella

285 1188 323 1242 J
322 1187 473 1244 udice
485 1210 501 1254 ;
538 1208 657 1244 nam
680 1190 873 1246 frustra
896 1190 1080 1245 vitium
1104 1188 1345 1244 vitaveris
1367 1186 1512 1254 illud,

290 1259 347 1314 Si
370 1262 424 1314 te
448 1257 548 1314 alio
573 1278 788 1331 pravum
811 1259 1103 1316 detorseris.
1175 1257 1477 1324 AvidienuS,

288 1328 390 1384 cui
417 1331 569 1403 Canis
592 1348 657 1385 ex
679 1347 802 1387 vero
826 1331 1023 1386 dictum
1046 1348 1330 1402 cognomen
1352 1328 1593 1394 adhaeret,

286 1399 655 1472 Quinquennes
680 1400 819 1458 oleas
843 1406 924 1457 est
948 1406 1002 1458 et
1028 1401 1281 1457 silvestria
1302 1417 1471 1466 corna,

286 1471 368 1527 Ac
390 1470 490 1527 nisi
515 1475 766 1528 mutatum
794 1473 958 1554 parcit
981 1471 1260 1529 defundere
1283 1470 1457 1527 vinum
1483 1473 1555 1536 et,

288 1543 448 1614 Cujus
472 1542 680 1599 odorem
705 1543 807 1600 olei
830 1563 1053 1627 nequeas
1078 1544 1320 1615 perferre,
1346 1541 1524 1598 licebit

286 1612 386 1669 Ille
409 1613 625 1685 repotia,
650 1614 846 1669 natales
870 1615 1062 1670 ahosve
1085 1615 1283 1670 dierum
1808 1615 1888 1671 60

288 1685 475 1741 Festos
499 1683 703 1740 albatus
726 1684 965 1752 celebret,
994 1704 1155 1741 cornu
1179 1684 1288 1755 ipse
1313 1683 1482 1740 bilibri

289 1754 534 1811 Caulibus
557 1754 789 1823 instillat,
814 1757 1003 1811 veteris
1027 1775 1132 1810 non
1156 1773 1339 1827 parcus
1364 1756 1513 1812 aceti.

286 1825 442 1896 Quali
465 1826 625 1899 igitur
647 1826 792 1882 victu
816 1846 873 1882 sa
908 1827 1017 1883 iens
1041 1828 1261 1882 utetur?
1296 1831 1350 1881 et
1374 1828 1557 1884 horum

288 1897 483 1953 Utrum
506 1895 831 1953 imitabitur?
927 1916 986 1953 ac
1010 1917 1074 1952 m·
1140 1901 1163 1952 t
1187 1897 1355 1969 lupus,
1383 1898 1477 1954 hac
1502 1898 1658 1967 caniS,
1688 1895 1838 1953 aiunt
1855 1897 1884 1932 ¹²⁹

287 1966 521 2024 Mundus
545 1968 660 2034 erit,
687 1987 789 2041 qua
811 1987 916 2025 non
940 1916 1165 2025 offendit
1189 1969 1426 2026 sordibus
1440 1980 1462 2005 ⁸
1487 1974 1642 2042 atque

287 2038 359 2096 In
381 2044 615 2095 neutram
638 2046 835 2112 partem
861 2040 1034 2098 cultus
1060 2040 1227 2096 miser.
1301 2040 1406 2096 Hic
1431 2059 1598 2114 neque
1626 2038 1804 2108 servis,

287 2108 474 2167 Albuti
497 2112 635 2167 senis
659 2111 906 2195 exemplo,
936 2112 1058 2168 dum
1082 2112 1254 2169 munia
1278 2111 1423 2178 didit,

290 2183 467 2237 Saevus
492 2182 620 2249 erit3
659 2200 753 2238 nec
776 2202 851 2239 sic
876 2187 935 2239 ut
958 2185 1176 2257 simplex
1201 2184 1415 2241 Naevius
1442 2187 1652 2240 unctam

288 2251 536 2308 Convivis
555 2252 801 2324 praebebit
819 2275 997 2328 aquam
1015 2281 1032 2325 3
1068 2256 1251 2312 vitium
1274 2257 1370 2311 hoc
1390 2273 1594 2330 quoque
1617 2270 1883 2325 magnum.

288 2322 482 2393 Accipe
504 2343 657 2393 nunc,
684 2326 853 2382 victus
877 2329 1048 2384 tenuis
1075 2350 1188 2403 quae
1216 2334 1510 2401 quantaque
1534 2342 1711 2381 secum
1808 2324 1883 2383 70

288 2392 503 2449 Afferat.
575 2396 834 2470 Imprimis
857 2401 1026 2457 valeas
1052 2401 1211 2458 bene:
1253 2418 1388 2467 nam,
1413 2397 1566 2454 variae
1588 2413 1688 2466 res

291 2462 372 2518 Ut
395 2472 612 2523 noceant
637 2469 841 2539 homini,
869 2473 1063 2540 credas,
1092 2473 1289 2529 memor
1313 2471 1448 2526 illius
1473 2485 1626 2533 escae‚·

288 2534 660 2667 ffiddlgplelx'
684 2542 804 2626 oliui
828 2543 923 2670 tilblu
948 2545 1174 2671 sedelrlitss
1213 2547 1267 2669 ait
1293 2540 1445 2670 sciirnul
1468 2538 1598 2594 assis

540 2629 565 2665 s
589 2631 617 2666 e
637 2632 687 2668 ix
764 2633 857 2669 sun
941 2634 1066 2671 conc
1175 2634 1206 2670 a
1253 2632 1317 2669 ur
1350 2632 1411 2678 is,
1727 2653 1732 2659 -

295 2675 486 2735 Dulcia
509 2700 565 2737 se
590 2684 643 2738 in
669 2633 821 2740 bilem
847 2691 1049 2744 vertent
1075 2635 1441 2755 styomachoque
1464 2679 1747 2737 tumultum

490 2766 511 2795 δ
530 2768 654 2810 oanis
670 2769 793 2821 angit
1226 2779 1243 2799 ⁶
1266 2768 1343 2820 qui
1359 2778 1401 2809 n.
1422 2778 1461 2808 o.
1483 2764 1683 2807 sordidus
