<?xml version="1.0" encoding="UTF-8"?>
<!DOCTYPE html PUBLIC "-//W3C//DTD XHTML 1.0 Transitional//EN"
    "http://www.w3.org/TR/xhtml1/DTD/xhtml1-transitional.dtd">
<html xmlns="http://www.w3.org/1999/xhtml" xml:lang="en" lang="en">
 <head>
  <title>
</title>
<meta http-equiv="Content-Type" content="text/html;charset=utf-8" />
  <meta name='ocr-system' content='tesseract 3.04.00' />
  <meta name='ocr-capabilities' content='ocr_page ocr_carea ocr_par ocr_line ocrx_word'/>
</head>
<body>
  <div class='ocr_page' id='page_1' title='image "./qhoratiiflaccio09horagoog_0172.png"; bbox 0 0 2031 2952; ppageno 0'>
   <div class='ocr_carea' id='block_1_1' title="bbox 319 62 1262 137">
    <p class='ocr_par' dir='ltr' id='par_1_1' title="bbox 319 62 1262 137">
     <span class='ocr_line' id='line_1_1' title="bbox 319 62 1262 137; baseline -0.003 -7"><span class='ocrx_word' id='word_1_1' title='bbox 319 81 420 132; x_wconf 80' lang='lat'><strong>154</strong></span> <span class='ocrx_word' id='word_1_2' title='bbox 590 132 594 137; x_wconf 75' lang='grc'><em>,</em></span> <span class='ocrx_word' id='word_1_3' title='bbox 962 62 1262 128; x_wconf 70' lang='lat' dir='ltr'><strong>nomm</strong></span> 
     </span>
    </p>
   </div>
   <div class='ocr_carea' id='block_1_2' title="bbox 312 174 1720 267">
    <p class='ocr_par' dir='ltr' id='par_1_2' title="bbox 312 174 1720 267">
     <span class='ocr_line' id='line_1_2' title="bbox 312 174 1720 267; baseline -0.004 -16"><span class='ocrx_word' id='word_1_4' title='bbox 312 196 594 253; x_wconf 82' lang='lat' dir='ltr'><strong>Inventore</strong></span> <span class='ocrx_word' id='word_1_5' title='bbox 615 193 810 262; x_wconf 90' lang='lat' dir='ltr'><strong>minor;</strong></span> <span class='ocrx_word' id='word_1_6' title='bbox 847 211 1015 267; x_wconf 87' lang='lat' dir='ltr'><strong>neque</strong></span> <span class='ocrx_word' id='word_1_7' title='bbox 1042 174 1139 267; x_wconf 73' lang='lat' dir='ltr'><strong>ego</strong></span> <span class='ocrx_word' id='word_1_8' title='bbox 1162 193 1238 249; x_wconf 87' lang='lat' dir='ltr'><strong>illi</strong></span> <span class='ocrx_word' id='word_1_9' title='bbox 1262 192 1528 251; x_wconf 78' lang='lat' dir='ltr'><strong>detrahere</strong></span> <span class='ocrx_word' id='word_1_10' title='bbox 1554 190 1720 249; x_wconf 87' lang='lat' dir='ltr'><strong>ausim</strong></span> 
     </span>
    </p>
   </div>
   <div class='ocr_carea' id='block_1_3' title="bbox 219 264 1580 336">
    <p class='ocr_par' dir='ltr' id='par_1_3' title="bbox 219 264 1580 336">
     <span class='ocr_line' id='line_1_3' title="bbox 219 264 1580 336; baseline -0.002 -14"><span class='ocrx_word' id='word_1_11' title='bbox 219 281 222 284; x_wconf 78' lang='grc'>’</span> <span class='ocrx_word' id='word_1_12' title='bbox 313 267 615 322; x_wconf 60' lang='lat' dir='ltr'><strong>Haerentem</strong></span> <span class='ocrx_word' id='word_1_13' title='bbox 639 266 796 336; x_wconf 87' lang='lat' dir='ltr'><strong>capiti</strong></span> <span class='ocrx_word' id='word_1_14' title='bbox 819 279 937 321; x_wconf 88' lang='lat' dir='ltr'><strong>cum</strong></span> <span class='ocrx_word' id='word_1_15' title='bbox 960 265 1126 320; x_wconf 90' lang='lat' dir='ltr'><strong>multa</strong></span> <span class='ocrx_word' id='word_1_16' title='bbox 1146 264 1297 320; x_wconf 90' lang='lat' dir='ltr'><strong>laude</strong></span> <span class='ocrx_word' id='word_1_17' title='bbox 1324 282 1580 320; x_wconf 88' lang='lat' dir='ltr'><strong>coronam.</strong></span> 
     </span>
    </p>
   </div>
   <div class='ocr_carea' id='block_1_4' title="bbox 313 336 1925 416">
    <p class='ocr_par' dir='ltr' id='par_1_4' title="bbox 313 336 1925 416">
     <span class='ocr_line' id='line_1_4' title="bbox 313 336 1925 416; baseline 0 -24"><span class='ocrx_word' id='word_1_18' title='bbox 313 339 388 392; x_wconf 93' lang='lat' dir='ltr'><strong>At</strong></span> <span class='ocrx_word' id='word_1_19' title='bbox 412 336 517 391; x_wconf 83' lang='lat' dir='ltr'><strong>dixi</strong></span> <span class='ocrx_word' id='word_1_20' title='bbox 540 337 700 399; x_wconf 82' lang='lat' dir='ltr'><strong>fluere</strong></span> <span class='ocrx_word' id='word_1_21' title='bbox 724 337 861 391; x_wconf 88' lang='lat' dir='ltr'><strong>hunc</strong></span> <span class='ocrx_word' id='word_1_22' title='bbox 885 336 1215 402; x_wconf 83' lang='lat' dir='ltr'><strong>lutulentum,</strong></span> <span class='ocrx_word' id='word_1_23' title='bbox 1243 354 1377 416; x_wconf 53' lang='lat' dir='ltr'><strong>saepe</strong></span> <span class='ocrx_word' id='word_1_24' title='bbox 1405 336 1654 391; x_wconf 88' lang='lat' dir='ltr'><strong>ferentem</strong></span> <span class='ocrx_word' id='word_1_25' title='bbox 1846 337 1925 392; x_wconf 86' lang='lat'><strong>50</strong></span> 
     </span>
    </p>
   </div>
   <div class='ocr_carea' id='block_1_5' title="bbox 311 406 1759 559">
    <p class='ocr_par' dir='ltr' id='par_1_5' title="bbox 311 406 1759 559">
     <span class='ocr_line' id='line_1_5' title="bbox 311 406 1759 532; baseline -0.001 -70"><span class='ocrx_word' id='word_1_26' title='bbox 311 407 472 490; x_wconf 75' lang='lat' dir='ltr'><strong>Plura</strong></span> <span class='ocrx_word' id='word_1_27' title='bbox 495 407 702 489; x_wconf 76' lang='lat' dir='ltr'><strong>quidem</strong></span> <span class='ocrx_word' id='word_1_28' title='bbox 723 406 953 462; x_wconf 87' lang='lat' dir='ltr'><strong>tollenda</strong></span> <span class='ocrx_word' id='word_1_29' title='bbox 974 406 1334 478; x_wconf 82' lang='lat' dir='ltr'><strong>relinquendis.</strong></span> <span class='ocrx_word' id='word_1_30' title='bbox 1354 478 1364 488; x_wconf 29' lang='lat'><strong>³</strong></span> <span class='ocrx_word' id='word_1_31' title='bbox 1410 407 1542 532; x_wconf 43' lang='grc' dir='ltr'><strong>ξε,</strong></span> <span class='ocrx_word' id='word_1_32' title='bbox 1570 423 1759 478; x_wconf 75' lang='lat' dir='ltr'><strong>quaeSO,</strong></span> 
     </span>
     <span class='ocr_line' id='line_1_6' title="bbox 312 477 1691 559; baseline 0.001 -27"><span class='ocrx_word' id='word_1_33' title='bbox 312 478 396 533; x_wconf 83' lang='lat' dir='ltr'><strong>Tu</strong></span> <span class='ocrx_word' id='word_1_34' title='bbox 418 478 544 532; x_wconf 81' lang='lat' dir='ltr'><strong>nihil</strong></span> <span class='ocrx_word' id='word_1_35' title='bbox 566 496 623 532; x_wconf 85' lang='lat' dir='ltr'><strong>in</strong></span> <span class='ocrx_word' id='word_1_36' title='bbox 645 496 832 558; x_wconf 85' lang='lat' dir='ltr'><strong>magno</strong></span> <span class='ocrx_word' id='word_1_37' title='bbox 857 477 1043 533; x_wconf 87' lang='lat' dir='ltr'><strong>doctus</strong></span> <span class='ocrx_word' id='word_1_38' title='bbox 1066 477 1394 559; x_wconf 77' lang='lat' dir='ltr'><strong>reprehendis</strong></span> <span class='ocrx_word' id='word_1_39' title='bbox 1482 478 1691 533; x_wconf 81' lang='lat' dir='ltr'><strong>omero?</strong></span> 
     </span>
    </p>
   </div>
   <div class='ocr_carea' id='block_1_6' title="bbox 157 515 1430 619">
    <p class='ocr_par' dir='ltr' id='par_1_6' title="bbox 157 515 1430 619">
     <span class='ocr_line' id='line_1_7' title="bbox 157 515 1430 619; baseline -0.002 -13"><span class='ocrx_word' id='word_1_40' title='bbox 157 515 163 519; x_wconf 91' lang='lat'><em>-</em></span> <span class='ocrx_word' id='word_1_41' title='bbox 213 604 215 606; x_wconf 78' lang='grc'>,</span> <span class='ocrx_word' id='word_1_42' title='bbox 310 548 406 604; x_wconf 89' lang='lat' dir='ltr'><strong>Nil</strong></span> <span class='ocrx_word' id='word_1_43' title='bbox 429 548 586 604; x_wconf 88' lang='lat' dir='ltr'><strong>comis</strong></span> <span class='ocrx_word' id='word_1_44' title='bbox 611 548 794 619; x_wconf 82' lang='lat' dir='ltr'><strong>tragici</strong></span> <span class='ocrx_word' id='word_1_45' title='bbox 818 552 983 603; x_wconf 87' lang='lat' dir='ltr'><strong>mutat</strong></span> <span class='ocrx_word' id='word_1_46' title='bbox 1008 546 1240 602; x_wconf 81' lang='lat' dir='ltr'><strong>Lucihus</strong></span> <span class='ocrx_word' id='word_1_47' title='bbox 1264 549 1430 603; x_wconf 74' lang='lat' dir='ltr'><strong>Acci?</strong></span> 
     </span>
    </p>
   </div>
   <div class='ocr_carea' id='block_1_7' title="bbox 295 618 2012 2743">
    <p class='ocr_par' dir='ltr' id='par_1_7' title="bbox 310 618 1504 690">
     <span class='ocr_line' id='line_1_8' title="bbox 310 618 1504 690; baseline -0.002 -14"><span class='ocrx_word' id='word_1_48' title='bbox 310 620 436 676; x_wconf 89' lang='lat' dir='ltr'><strong>Non</strong></span> <span class='ocrx_word' id='word_1_49' title='bbox 460 619 593 674; x_wconf 88' lang='lat' dir='ltr'><strong>ridet</strong></span> <span class='ocrx_word' id='word_1_50' title='bbox 618 638 798 674; x_wconf 89' lang='lat' dir='ltr'><strong>versus</strong></span> <span class='ocrx_word' id='word_1_51' title='bbox 823 618 961 673; x_wconf 76' lang='lat' dir='ltr'><strong>Enni</strong></span> <span class='ocrx_word' id='word_1_52' title='bbox 985 619 1241 690; x_wconf 86' lang='lat' dir='ltr'><strong>gravitate</strong></span> <span class='ocrx_word' id='word_1_53' title='bbox 1266 619 1504 685; x_wconf 79' lang='lat' dir='ltr'><strong>minoreS,</strong></span> 
     </span>
    </p>

    <p class='ocr_par' dir='ltr' id='par_1_8' title="bbox 311 686 1655 761">
     <span class='ocr_line' id='line_1_9' title="bbox 311 686 1655 761; baseline -0.001 -17"><span class='ocrx_word' id='word_1_54' title='bbox 311 690 486 759; x_wconf 80' lang='lat' dir='ltr'><strong>Quum</strong></span> <span class='ocrx_word' id='word_1_55' title='bbox 510 689 573 744; x_wconf 90' lang='lat' dir='ltr'><strong>de</strong></span> <span class='ocrx_word' id='word_1_56' title='bbox 597 708 654 745; x_wconf 92' lang='lat' dir='ltr'><strong>se</strong></span> <span class='ocrx_word' id='word_1_57' title='bbox 676 689 906 761; x_wconf 88' lang='lat' dir='ltr'><strong>loquitur</strong></span> <span class='ocrx_word' id='word_1_58' title='bbox 929 706 1035 743; x_wconf 92' lang='lat' dir='ltr'><strong>non</strong></span> <span class='ocrx_word' id='word_1_59' title='bbox 1057 693 1117 743; x_wconf 86' lang='lat' dir='ltr'><strong>ut</strong></span> <span class='ocrx_word' id='word_1_60' title='bbox 1142 689 1331 760; x_wconf 78' lang='lat' dir='ltr'><strong>majore</strong></span> <span class='ocrx_word' id='word_1_61' title='bbox 1356 686 1655 760; x_wconf 77' lang='lat' dir='ltr'><strong>reprensis?</strong></span> 
     </span>
    </p>

    <p class='ocr_par' dir='ltr' id='par_1_9' title="bbox 311 758 1593 832">
     <span class='ocr_line' id='line_1_10' title="bbox 311 758 1593 832; baseline -0.004 -13"><span class='ocrx_word' id='word_1_62' title='bbox 311 761 452 820; x_wconf 77' lang='lat' dir='ltr'><strong>Quid</strong></span> <span class='ocrx_word' id='word_1_63' title='bbox 479 765 620 816; x_wconf 86' lang='lat' dir='ltr'><strong>vetat</strong></span> <span class='ocrx_word' id='word_1_64' title='bbox 643 766 698 814; x_wconf 89' lang='lat' dir='ltr'><strong>et</strong></span> <span class='ocrx_word' id='word_1_65' title='bbox 724 764 924 814; x_wconf 82' lang='lat' dir='ltr'><strong>nosmet</strong></span> <span class='ocrx_word' id='word_1_66' title='bbox 949 758 1123 814; x_wconf 82' lang='lat' dir='ltr'><strong>Lucili</strong></span> <span class='ocrx_word' id='word_1_67' title='bbox 1146 760 1340 832; x_wconf 86' lang='lat' dir='ltr'><strong>scripta</strong></span> <span class='ocrx_word' id='word_1_68' title='bbox 1362 759 1593 830; x_wconf 86' lang='lat' dir='ltr'><strong>legentes</strong></span> 
     </span>
    </p>

    <p class='ocr_par' dir='ltr' id='par_1_10' title="bbox 309 829 1625 957">
     <span class='ocr_line' id='line_1_11' title="bbox 311 829 1625 902; baseline -0.004 -12"><span class='ocrx_word' id='word_1_69' title='bbox 311 833 572 896; x_wconf 77' lang='lat' dir='ltr'><strong>Quaerere,</strong></span> <span class='ocrx_word' id='word_1_70' title='bbox 599 849 722 885; x_wconf 90' lang='lat' dir='ltr'><strong>num</strong></span> <span class='ocrx_word' id='word_1_71' title='bbox 746 830 899 896; x_wconf 83' lang='lat' dir='ltr'><strong>illius,</strong></span> <span class='ocrx_word' id='word_1_72' title='bbox 925 849 1050 885; x_wconf 90' lang='lat' dir='ltr'><strong>num</strong></span> <span class='ocrx_word' id='word_1_73' title='bbox 1075 848 1248 884; x_wconf 90' lang='lat' dir='ltr'><strong>rerum</strong></span> <span class='ocrx_word' id='word_1_74' title='bbox 1273 830 1402 885; x_wconf 86' lang='lat' dir='ltr'><strong>dura</strong></span> <span class='ocrx_word' id='word_1_75' title='bbox 1425 829 1625 902; x_wconf 86' lang='lat' dir='ltr'><strong>negarit</strong></span> 
     </span>
     <span class='ocr_line' id='line_1_12' title="bbox 309 900 1481 957; baseline 0 -1"><span class='ocrx_word' id='word_1_76' title='bbox 309 901 610 957; x_wconf 86' lang='lat' dir='ltr'>Versiculos</span> <span class='ocrx_word' id='word_1_77' title='bbox 634 908 821 956; x_wconf 89' lang='lat' dir='ltr'><strong>natura</strong></span> <span class='ocrx_word' id='word_1_78' title='bbox 845 920 892 955; x_wconf 89' lang='lat' dir='ltr'><strong>m</strong></span> <span class='ocrx_word' id='word_1_79' title='bbox 964 901 1007 954; x_wconf 89' lang='lat' dir='ltr'><strong>is</strong></span> <span class='ocrx_word' id='word_1_80' title='bbox 1033 900 1196 955; x_wconf 87' lang='lat' dir='ltr'><strong>factos</strong></span> <span class='ocrx_word' id='word_1_81' title='bbox 1220 906 1274 955; x_wconf 86' lang='lat' dir='ltr'><strong>et</strong></span> <span class='ocrx_word' id='word_1_82' title='bbox 1298 906 1481 956; x_wconf 89' lang='lat' dir='ltr'><strong>euntes</strong></span> 
     </span>
    </p>

    <p class='ocr_par' dir='ltr' id='par_1_11' title="bbox 308 970 1661 1044">
     <span class='ocr_line' id='line_1_13' title="bbox 308 970 1661 1044; baseline -0.001 -16"><span class='ocrx_word' id='word_1_83' title='bbox 308 972 538 1037; x_wconf 89' lang='lat' dir='ltr'><strong>Mollius,</strong></span> <span class='ocrx_word' id='word_1_84' title='bbox 566 990 626 1028; x_wconf 86' lang='lat' dir='ltr'><strong>ac</strong></span> <span class='ocrx_word' id='word_1_85' title='bbox 649 972 695 1026; x_wconf 88' lang='lat' dir='ltr'><strong>si</strong></span> <span class='ocrx_word' id='word_1_86' title='bbox 720 972 833 1043; x_wconf 84' lang='lat' dir='ltr'><strong>quis</strong></span> <span class='ocrx_word' id='word_1_87' title='bbox 857 991 922 1044; x_wconf 88' lang='lat' dir='ltr'><strong>pe</strong></span> <span class='ocrx_word' id='word_1_88' title='bbox 961 971 1075 1026; x_wconf 84' lang='lat' dir='ltr'><strong>’bus</strong></span> <span class='ocrx_word' id='word_1_89' title='bbox 1101 970 1224 1043; x_wconf 91' lang='lat' dir='ltr'><strong>quid</strong></span> <span class='ocrx_word' id='word_1_90' title='bbox 1248 970 1483 1027; x_wconf 82' lang='lat' dir='ltr'><strong>claudere</strong></span> <span class='ocrx_word' id='word_1_91' title='bbox 1508 970 1661 1037; x_wconf 88' lang='lat' dir='ltr'><strong>senis,</strong></span> 
     </span>
    </p>

    <p class='ocr_par' dir='ltr' id='par_1_12' title="bbox 308 1042 1924 1180">
     <span class='ocr_line' id='line_1_14' title="bbox 309 1042 1924 1113; baseline 0.001 -13"><span class='ocrx_word' id='word_1_92' title='bbox 309 1043 430 1100; x_wconf 91' lang='lat' dir='ltr'><strong>Hoc</strong></span> <span class='ocrx_word' id='word_1_93' title='bbox 454 1049 658 1099; x_wconf 88' lang='lat' dir='ltr'><strong>tantum</strong></span> <span class='ocrx_word' id='word_1_94' title='bbox 681 1047 971 1108; x_wconf 76' lang='lat' dir='ltr'><strong>contentuS,</strong></span> <span class='ocrx_word' id='word_1_95' title='bbox 997 1048 1133 1096; x_wconf 89' lang='lat' dir='ltr'><strong>amet</strong></span> <span class='ocrx_word' id='word_1_96' title='bbox 1159 1042 1425 1113; x_wconf 82' lang='lat' dir='ltr'><strong>scripsisse</strong></span> <span class='ocrx_word' id='word_1_97' title='bbox 1450 1042 1699 1098; x_wconf 90' lang='lat' dir='ltr'><strong>ducentos</strong></span> <span class='ocrx_word' id='word_1_98' title='bbox 1845 1047 1924 1102; x_wconf 88' lang='grc'><strong>60</strong></span> 
     </span>
     <span class='ocr_line' id='line_1_15' title="bbox 308 1113 1672 1180; baseline -0.001 -11"><span class='ocrx_word' id='word_1_99' title='bbox 308 1115 450 1170; x_wconf 84' lang='lat' dir='ltr'><strong>Ante</strong></span> <span class='ocrx_word' id='word_1_100' title='bbox 475 1114 645 1170; x_wconf 89' lang='lat' dir='ltr'><strong>cibum</strong></span> <span class='ocrx_word' id='word_1_101' title='bbox 669 1133 865 1180; x_wconf 83' lang='lat' dir='ltr'><strong>versus,</strong></span> <span class='ocrx_word' id='word_1_102' title='bbox 890 1113 1107 1169; x_wconf 89' lang='lat' dir='ltr'><strong>totidem</strong></span> <span class='ocrx_word' id='word_1_103' title='bbox 1133 1115 1401 1168; x_wconf 75' lang='lat' dir='ltr'><strong>coenatusi&#39;</strong></span> <span class='ocrx_word' id='word_1_104' title='bbox 1460 1113 1672 1168; x_wconf 75' lang='lat' dir='ltr'><strong>Etrusci</strong></span> 
     </span>
    </p>

    <p class='ocr_par' dir='ltr' id='par_1_13' title="bbox 309 1183 1456 1255">
     <span class='ocr_line' id='line_1_16' title="bbox 309 1183 1456 1255; baseline -0.003 -13"><span class='ocrx_word' id='word_1_105' title='bbox 309 1183 478 1244; x_wconf 77' lang='lat' dir='ltr'><strong>Quale</strong></span> <span class='ocrx_word' id='word_1_106' title='bbox 503 1185 601 1240; x_wconf 85' lang='lat' dir='ltr'><strong>fuit</strong></span> <span class='ocrx_word' id='word_1_107' title='bbox 627 1185 776 1240; x_wconf 80' lang='lat' dir='ltr'><strong>Cassi</strong></span> <span class='ocrx_word' id='word_1_108' title='bbox 799 1183 977 1255; x_wconf 87' lang='lat' dir='ltr'><strong>rapido</strong></span> <span class='ocrx_word' id='word_1_109' title='bbox 998 1183 1284 1239; x_wconf 80' lang='lat' dir='ltr'><strong>ferventius</strong></span> <span class='ocrx_word' id='word_1_110' title='bbox 1309 1202 1456 1239; x_wconf 89' lang='lat' dir='ltr'><strong>amne</strong></span> 
     </span>
    </p>

    <p class='ocr_par' dir='ltr' id='par_1_14' title="bbox 307 1254 1661 1398">
     <span class='ocr_line' id='line_1_17' title="bbox 307 1254 1643 1327; baseline -0.001 -16"><span class='ocrx_word' id='word_1_111' title='bbox 307 1255 601 1326; x_wconf 85' lang='lat' dir='ltr'><strong>Ingenium,</strong></span> <span class='ocrx_word' id='word_1_112' title='bbox 627 1256 794 1327; x_wconf 80' lang='lat' dir='ltr'><strong>capsis</strong></span> <span class='ocrx_word' id='word_1_113' title='bbox 821 1274 972 1327; x_wconf 89' lang='lat' dir='ltr'><strong>quem</strong></span> <span class='ocrx_word' id='word_1_114' title='bbox 996 1255 1133 1309; x_wconf 87' lang='lat' dir='ltr'><strong>fama</strong></span> <span class='ocrx_word' id='word_1_115' title='bbox 1157 1259 1236 1309; x_wconf 91' lang='lat' dir='ltr'><strong>est</strong></span> <span class='ocrx_word' id='word_1_116' title='bbox 1261 1274 1377 1310; x_wconf 89' lang='lat' dir='ltr'><strong>esse</strong></span> <span class='ocrx_word' id='word_1_117' title='bbox 1397 1254 1643 1327; x_wconf 88' lang='lat' dir='ltr'><strong>libr-isque</strong></span> 
     </span>
     <span class='ocr_line' id='line_1_18' title="bbox 308 1325 1661 1398; baseline 0 -17"><span class='ocrx_word' id='word_1_118' title='bbox 308 1325 622 1383; x_wconf 82' lang='lat' dir='ltr'><strong>Ambustum</strong></span> <span class='ocrx_word' id='word_1_119' title='bbox 681 1326 879 1397; x_wconf 88' lang='lat' dir='ltr'><strong>ropriis.</strong></span> <span class='ocrx_word' id='word_1_120' title='bbox 952 1326 1135 1381; x_wconf 81' lang='lat' dir='ltr'><strong>Fuerit</strong></span> <span class='ocrx_word' id='word_1_121' title='bbox 1160 1325 1408 1393; x_wconf 82' lang='lat' dir='ltr'><strong>Lucilius,</strong></span> <span class='ocrx_word' id='word_1_122' title='bbox 1436 1326 1661 1398; x_wconf 82' lang='lat' dir='ltr'><strong>inquam,</strong></span> 
     </span>
    </p>

    <p class='ocr_par' dir='ltr' id='par_1_15' title="bbox 309 1345 1412 1464">
     <span class='ocr_line' id='line_1_19' title="bbox 309 1345 1412 1464; baseline 0.002 -14"><span class='ocrx_word' id='word_1_123' title='bbox 309 1396 480 1450; x_wconf 84' lang='lat' dir='ltr'><strong>Comis</strong></span> <span class='ocrx_word' id='word_1_124' title='bbox 504 1396 557 1452; x_wconf 88' lang='lat' dir='ltr'><strong>et</strong></span> <span class='ocrx_word' id='word_1_125' title='bbox 581 1345 824 1464; x_wconf 60' lang='lat' dir='ltr'><strong>urbanuS,</strong></span> <span class='ocrx_word' id='word_1_126' title='bbox 850 1397 1006 1452; x_wconf 83' lang='lat' dir='ltr'><strong>fuerit</strong></span> <span class='ocrx_word' id='word_1_127' title='bbox 1033 1396 1253 1451; x_wconf 84' lang='lat' dir='ltr'><strong>limatior</strong></span> <span class='ocrx_word' id='word_1_128' title='bbox 1277 1396 1412 1452; x_wconf 90' lang='lat' dir='ltr'><strong>idem</strong></span> 
     </span>
    </p>

    <p class='ocr_par' dir='ltr' id='par_1_16' title="bbox 309 1467 1626 1535">
     <span class='ocr_line' id='line_1_20' title="bbox 309 1467 1626 1535; baseline 0.002 -14"><span class='ocrx_word' id='word_1_129' title='bbox 309 1467 474 1533; x_wconf 85' lang='lat' dir='ltr'><strong>Quam</strong></span> <span class='ocrx_word' id='word_1_130' title='bbox 500 1467 644 1523; x_wconf 88' lang='lat' dir='ltr'><strong>rudis</strong></span> <span class='ocrx_word' id='word_1_131' title='bbox 668 1473 723 1525; x_wconf 91' lang='lat' dir='ltr'><strong>et</strong></span> <span class='ocrx_word' id='word_1_132' title='bbox 747 1468 938 1524; x_wconf 85' lang='lat' dir='ltr'><strong>Graecis</strong></span> <span class='ocrx_word' id='word_1_133' title='bbox 964 1469 1145 1524; x_wconf 83' lang='lat' dir='ltr'><strong>intacti</strong></span> <span class='ocrx_word' id='word_1_134' title='bbox 1170 1468 1406 1524; x_wconf 82' lang='lat' dir='ltr'><strong>carminis</strong></span> <span class='ocrx_word' id='word_1_135' title='bbox 1431 1472 1626 1535; x_wconf 81' lang='lat' dir='ltr'><strong>auctor,</strong></span> 
     </span>
    </p>

    <p class='ocr_par' dir='ltr' id='par_1_17' title="bbox 309 1538 1615 1611">
     <span class='ocr_line' id='line_1_21' title="bbox 309 1538 1615 1611; baseline 0.003 -20"><span class='ocrx_word' id='word_1_136' title='bbox 309 1538 578 1609; x_wconf 81' lang='lat' dir='ltr'><strong>Quamque</strong></span> <span class='ocrx_word' id='word_1_137' title='bbox 602 1544 870 1611; x_wconf 73' lang='lat' dir='ltr'><strong>poetarum</strong></span> <span class='ocrx_word' id='word_1_138' title='bbox 896 1539 1151 1594; x_wconf 89' lang='lat' dir='ltr'><strong>seniorum</strong></span> <span class='ocrx_word' id='word_1_139' title='bbox 1178 1539 1333 1594; x_wconf 87' lang='lat' dir='ltr'><strong>turba</strong></span> <span class='ocrx_word' id='word_1_140' title='bbox 1346 1563 1362 1607; x_wconf 82' lang='lat'>3</span> <span class='ocrx_word' id='word_1_141' title='bbox 1400 1541 1492 1597; x_wconf 89' lang='lat' dir='ltr'><strong>sed</strong></span> <span class='ocrx_word' id='word_1_142' title='bbox 1515 1540 1615 1607; x_wconf 88' lang='lat' dir='ltr'><strong>ille,</strong></span> 
     </span>
    </p>

    <p class='ocr_par' dir='ltr' id='par_1_18' title="bbox 309 1608 1534 1679">
     <span class='ocr_line' id='line_1_22' title="bbox 309 1608 1534 1679; baseline 0.003 -17"><span class='ocrx_word' id='word_1_143' title='bbox 309 1608 365 1662; x_wconf 86' lang='lat' dir='ltr'><strong>Si</strong></span> <span class='ocrx_word' id='word_1_144' title='bbox 388 1609 524 1664; x_wconf 82' lang='lat' dir='ltr'><strong>foret</strong></span> <span class='ocrx_word' id='word_1_145' title='bbox 547 1609 646 1664; x_wconf 93' lang='lat' dir='ltr'><strong>hoc</strong></span> <span class='ocrx_word' id='word_1_146' title='bbox 667 1614 901 1665; x_wconf 88' lang='lat' dir='ltr'><strong>nostrum</strong></span> <span class='ocrx_word' id='word_1_147' title='bbox 927 1610 1036 1665; x_wconf 81' lang='lat' dir='ltr'><strong>fato</strong></span> <span class='ocrx_word' id='word_1_148' title='bbox 1061 1609 1248 1665; x_wconf 88' lang='lat' dir='ltr'><strong>dilatus</strong></span> <span class='ocrx_word' id='word_1_149' title='bbox 1272 1610 1328 1664; x_wconf 89' lang='lat' dir='ltr'><strong>in</strong></span> <span class='ocrx_word' id='word_1_150' title='bbox 1351 1630 1534 1679; x_wconf 83' lang='lat' dir='ltr'><strong>aevum,</strong></span> 
     </span>
    </p>

    <p class='ocr_par' dir='ltr' id='par_1_19' title="bbox 305 1678 2012 2106">
     <span class='ocr_line' id='line_1_23' title="bbox 305 1678 1811 1754; baseline 0.001 -19"><span class='ocrx_word' id='word_1_151' title='bbox 305 1678 582 1735; x_wconf 90' lang='lat' dir='ltr'><strong>Detereret</strong></span> <span class='ocrx_word' id='word_1_152' title='bbox 607 1679 706 1735; x_wconf 90' lang='lat' dir='ltr'><strong>sibi</strong></span> <span class='ocrx_word' id='word_1_153' title='bbox 728 1680 908 1746; x_wconf 86' lang='lat' dir='ltr'><strong>multa,</strong></span> <span class='ocrx_word' id='word_1_154' title='bbox 937 1679 1187 1735; x_wconf 86' lang='lat' dir='ltr'><strong>recideret</strong></span> <span class='ocrx_word' id='word_1_155' title='bbox 1212 1699 1361 1737; x_wconf 89' lang='lat' dir='ltr'><strong>omne</strong></span> <span class='ocrx_word' id='word_1_156' title='bbox 1387 1681 1527 1754; x_wconf 89' lang='lat' dir='ltr'><strong>quod</strong></span> <span class='ocrx_word' id='word_1_157' title='bbox 1552 1681 1693 1737; x_wconf 87' lang='lat' dir='ltr'><strong>ultra</strong></span> <span class='ocrx_word' id='word_1_158' title='bbox 1802 1715 1811 1721; x_wconf 97' lang='lat'>-</span> 
     </span>
     <span class='ocr_line' id='line_1_24' title="bbox 305 1749 1917 1817; baseline 0.004 -11"><span class='ocrx_word' id='word_1_159' title='bbox 305 1749 604 1806; x_wconf 83' lang='lat' dir='ltr'><strong>Perfectum</strong></span> <span class='ocrx_word' id='word_1_160' title='bbox 628 1750 933 1817; x_wconf 81' lang='lat' dir='ltr'><strong>traheretur,</strong></span> <span class='ocrx_word' id='word_1_161' title='bbox 963 1755 1019 1806; x_wconf 92' lang='lat' dir='ltr'><strong>et</strong></span> <span class='ocrx_word' id='word_1_162' title='bbox 1041 1751 1096 1805; x_wconf 94' lang='lat' dir='ltr'><strong>in</strong></span> <span class='ocrx_word' id='word_1_163' title='bbox 1118 1770 1273 1807; x_wconf 85' lang='lat' dir='ltr'><strong>versu</strong></span> <span class='ocrx_word' id='word_1_164' title='bbox 1297 1752 1532 1809; x_wconf 86' lang='lat' dir='ltr'><strong>facie-ndo</strong></span> <span class='ocrx_word' id='word_1_165' title='bbox 1840 1756 1917 1816; x_wconf 85' lang='lat'><strong>70</strong></span> 
     </span>
     <span class='ocr_line' id='line_1_25' title="bbox 309 1807 2012 1895; baseline 0.001 -21"><span class='ocrx_word' id='word_1_166' title='bbox 309 1820 458 1890; x_wconf 86' lang='lat' dir='ltr'><strong>Saepe</strong></span> <span class='ocrx_word' id='word_1_167' title='bbox 482 1840 542 1877; x_wconf 91' lang='lat' dir='ltr'><strong>ca</strong></span> <span class='ocrx_word' id='word_1_168' title='bbox 581 1824 639 1876; x_wconf 85' lang='lat' dir='ltr'><strong>ut</strong></span> <span class='ocrx_word' id='word_1_169' title='bbox 661 1821 909 1888; x_wconf 85' lang='lat' dir='ltr'><strong>scaberet,</strong></span> <span class='ocrx_word' id='word_1_170' title='bbox 938 1822 1084 1877; x_wconf 85' lang='lat' dir='ltr'><strong>vivos</strong></span> <span class='ocrx_word' id='word_1_171' title='bbox 1110 1826 1164 1877; x_wconf 90' lang='lat' dir='ltr'><strong>et</strong></span> <span class='ocrx_word' id='word_1_172' title='bbox 1189 1821 1394 1878; x_wconf 84' lang='lat' dir='ltr'><strong>roderet</strong></span> <span class='ocrx_word' id='word_1_173' title='bbox 1417 1842 1634 1895; x_wconf 86' lang='lat' dir='ltr'><strong>ungues.</strong></span> <span class='ocrx_word' id='word_1_174' title='bbox 2002 1807 2012 1876; x_wconf 61' lang='lat' dir='ltr'><strong>i</strong></span> 
     </span>
     <span class='ocr_line' id='line_1_26' title="bbox 308 1887 2012 1964; baseline 0.001 -17"><span class='ocrx_word' id='word_1_175' title='bbox 308 1891 454 1962; x_wconf 66' lang='lat' dir='ltr'><strong>Saepe</strong></span> <span class='ocrx_word' id='word_1_176' title='bbox 479 1894 657 1948; x_wconf 86' lang='lat' dir='ltr'><strong>stium</strong></span> <span class='ocrx_word' id='word_1_177' title='bbox 679 1901 868 1958; x_wconf 83' lang='lat' dir='ltr'><strong>vertas,</strong></span> <span class='ocrx_word' id='word_1_178' title='bbox 895 1892 1084 1948; x_wconf 90' lang='lat' dir='ltr'><strong>iterum</strong></span> <span class='ocrx_word' id='word_1_179' title='bbox 1109 1911 1228 1963; x_wconf 81' lang='lat' dir='ltr'><strong>quae</strong></span> <span class='ocrx_word' id='word_1_180' title='bbox 1250 1891 1405 1964; x_wconf 86' lang='lat' dir='ltr'><strong>digna</strong></span> <span class='ocrx_word' id='word_1_181' title='bbox 1427 1894 1532 1964; x_wconf 86' lang='lat' dir='ltr'><strong>legi</strong></span> <span class='ocrx_word' id='word_1_182' title='bbox 1556 1895 1675 1961; x_wconf 89' lang='lat' dir='ltr'><strong>sint,</strong></span> <span class='ocrx_word' id='word_1_183' title='bbox 2011 1887 2012 1904; x_wconf 58' lang='lat'>¹</span> 
     </span>
     <span class='ocr_line' id='line_1_27' title="bbox 306 1962 1766 2035; baseline 0.002 -16"><span class='ocrx_word' id='word_1_184' title='bbox 306 1962 620 2033; x_wconf 78' lang='lat' dir='ltr'><strong>Scripturas,</strong></span> <span class='ocrx_word' id='word_1_185' title='bbox 647 1982 828 2035; x_wconf 89' lang='lat' dir='ltr'><strong>neque,</strong></span> <span class='ocrx_word' id='word_1_186' title='bbox 856 1968 911 2018; x_wconf 85' lang='lat' dir='ltr'><strong>te</strong></span> <span class='ocrx_word' id='word_1_187' title='bbox 933 1968 995 2018; x_wconf 88' lang='lat' dir='ltr'><strong>ut</strong></span> <span class='ocrx_word' id='word_1_188' title='bbox 1022 1964 1234 2019; x_wconf 89' lang='lat' dir='ltr'><strong>miretur</strong></span> <span class='ocrx_word' id='word_1_189' title='bbox 1257 1963 1425 2030; x_wconf 84' lang='lat' dir='ltr'><strong>turba,</strong></span> <span class='ocrx_word' id='word_1_190' title='bbox 1451 1964 1666 2031; x_wconf 88' lang='lat' dir='ltr'><strong>labores,</strong></span> <span class='ocrx_word' id='word_1_191' title='bbox 1747 2007 1766 2022; x_wconf 80' lang='lat'><strong>.</strong></span> 
     </span>
     <span class='ocr_line' id='line_1_28' title="bbox 305 2033 1632 2106; baseline 0.002 -17"><span class='ocrx_word' id='word_1_192' title='bbox 305 2033 599 2090; x_wconf 88' lang='lat' dir='ltr'><strong>Contentus</strong></span> <span class='ocrx_word' id='word_1_193' title='bbox 623 2035 801 2106; x_wconf 85' lang='lat' dir='ltr'><strong>paucis</strong></span> <span class='ocrx_word' id='word_1_194' title='bbox 830 2033 1124 2090; x_wconf 89' lang='lat' dir='ltr'><strong>lectoribus.</strong></span> <span class='ocrx_word' id='word_1_195' title='bbox 1197 2034 1283 2088; x_wconf 87' lang='lat' dir='ltr'><strong>An</strong></span> <span class='ocrx_word' id='word_1_196' title='bbox 1304 2038 1400 2089; x_wconf 85' lang='lat' dir='ltr'><strong>tua</strong></span> <span class='ocrx_word' id='word_1_197' title='bbox 1422 2034 1632 2091; x_wconf 87' lang='lat' dir='ltr'><strong>demens</strong></span> 
     </span>
    </p>

    <p class='ocr_par' dir='ltr' id='par_1_20' title="bbox 302 2103 1421 2167">
     <span class='ocr_line' id='line_1_29' title="bbox 302 2103 1421 2167; baseline 0.002 -9"><span class='ocrx_word' id='word_1_198' title='bbox 302 2103 510 2160; x_wconf 88' lang='lat' dir='ltr'><strong>Vilibus</strong></span> <span class='ocrx_word' id='word_1_199' title='bbox 533 2105 590 2160; x_wconf 91' lang='lat' dir='ltr'><strong>in</strong></span> <span class='ocrx_word' id='word_1_200' title='bbox 611 2105 746 2167; x_wconf 86' lang='lat' dir='ltr'><strong>ludis</strong></span> <span class='ocrx_word' id='word_1_201' title='bbox 774 2105 960 2160; x_wconf 84' lang='lat' dir='ltr'><strong>dictari</strong></span> <span class='ocrx_word' id='word_1_202' title='bbox 983 2104 1209 2160; x_wconf 84' lang='lat' dir='ltr'><strong>carmina</strong></span> <span class='ocrx_word' id='word_1_203' title='bbox 1233 2104 1375 2160; x_wconf 86' lang='lat' dir='ltr'><strong>malis</strong></span> <span class='ocrx_word' id='word_1_204' title='bbox 1398 2106 1421 2160; x_wconf 77' lang='grc' dir='ltr'>Ρ</span> 
     </span>
    </p>

    <p class='ocr_par' dir='ltr' id='par_1_21' title="bbox 302 2174 1908 2319">
     <span class='ocr_line' id='line_1_30' title="bbox 302 2174 1908 2248; baseline -0.001 -17"><span class='ocrx_word' id='word_1_205' title='bbox 302 2174 429 2231; x_wconf 90' lang='lat' dir='ltr'><strong>Non</strong></span> <span class='ocrx_word' id='word_1_206' title='bbox 445 2193 566 2247; x_wconf 91' lang='lat' dir='ltr'><strong>ego;</strong></span> <span class='ocrx_word' id='word_1_207' title='bbox 594 2195 709 2231; x_wconf 90' lang='lat' dir='ltr'><strong>nam</strong></span> <span class='ocrx_word' id='word_1_208' title='bbox 732 2177 858 2231; x_wconf 89' lang='lat' dir='ltr'><strong>satis</strong></span> <span class='ocrx_word' id='word_1_209' title='bbox 881 2180 963 2231; x_wconf 91' lang='lat' dir='ltr'><strong>est</strong></span> <span class='ocrx_word' id='word_1_210' title='bbox 983 2176 1206 2246; x_wconf 87' lang='lat' dir='ltr'><strong>equitem</strong></span> <span class='ocrx_word' id='word_1_211' title='bbox 1225 2175 1351 2230; x_wconf 89' lang='lat' dir='ltr'><strong>mihi</strong></span> <span class='ocrx_word' id='word_1_212' title='bbox 1364 2175 1623 2246; x_wconf 87' lang='lat' dir='ltr'><strong>plaudere,</strong></span> <span class='ocrx_word' id='word_1_213' title='bbox 1638 2177 1700 2230; x_wconf 89' lang='lat' dir='ltr'><strong>ut</strong></span> <span class='ocrx_word' id='word_1_214' title='bbox 1715 2174 1908 2248; x_wconf 80' lang='lat' dir='ltr'><strong>audax,</strong></span> 
     </span>
     <span class='ocr_line' id='line_1_31' title="bbox 304 2245 1513 2319; baseline 0.002 -21"><span class='ocrx_word' id='word_1_215' title='bbox 304 2246 626 2317; x_wconf 87' lang='lat' dir='ltr'><strong>Contemptis</strong></span> <span class='ocrx_word' id='word_1_216' title='bbox 652 2247 780 2313; x_wconf 86' lang='lat' dir='ltr'><strong>aliis,</strong></span> <span class='ocrx_word' id='word_1_217' title='bbox 814 2246 1027 2319; x_wconf 84' lang='lat' dir='ltr'><strong>explosa</strong></span> <span class='ocrx_word' id='word_1_218' title='bbox 1049 2245 1339 2301; x_wconf 80' lang='lat' dir='ltr'><strong>Arbuscula</strong></span> <span class='ocrx_word' id='word_1_219' title='bbox 1366 2246 1513 2301; x_wconf 83' lang='lat' dir='ltr'><strong>dixit.</strong></span> 
     </span>
    </p>

    <p class='ocr_par' dir='ltr' id='par_1_22' title="bbox 296 2314 1907 2600">
     <span class='ocr_line' id='line_1_32' title="bbox 301 2314 1704 2389; baseline 0.004 -21"><span class='ocrx_word' id='word_1_220' title='bbox 301 2314 446 2369; x_wconf 88' lang='lat' dir='ltr'><strong>Men&#39;</strong></span> <span class='ocrx_word' id='word_1_221' title='bbox 471 2323 675 2372; x_wconf 87' lang='lat' dir='ltr'><strong>moveat</strong></span> <span class='ocrx_word' id='word_1_222' title='bbox 701 2318 867 2374; x_wconf 84' lang='lat' dir='ltr'><strong>cimex</strong></span> <span class='ocrx_word' id='word_1_223' title='bbox 897 2316 1171 2383; x_wconf 84' lang='lat' dir='ltr'><strong>Pantilius,</strong></span> <span class='ocrx_word' id='word_1_224' title='bbox 1198 2321 1290 2371; x_wconf 91' lang='lat' dir='ltr'><strong>aut</strong></span> <span class='ocrx_word' id='word_1_225' title='bbox 1314 2318 1509 2373; x_wconf 88' lang='lat' dir='ltr'><strong>cruciet</strong></span> <span class='ocrx_word' id='word_1_226' title='bbox 1536 2314 1704 2389; x_wconf 84' lang='lat' dir='ltr'><strong>quod·</strong></span> 
     </span>
     <span class='ocr_line' id='line_1_33' title="bbox 300 2383 1671 2459; baseline 0.006 -23"><span class='ocrx_word' id='word_1_227' title='bbox 300 2383 524 2440; x_wconf 86' lang='lat' dir='ltr'><strong>Vellicet</strong></span> <span class='ocrx_word' id='word_1_228' title='bbox 550 2387 814 2444; x_wconf 88' lang='lat' dir='ltr'><strong>absentem</strong></span> <span class='ocrx_word' id='word_1_229' title='bbox 842 2388 1158 2454; x_wconf 87' lang='lat' dir='ltr'><strong>Demetrius,</strong></span> <span class='ocrx_word' id='word_1_230' title='bbox 1185 2391 1275 2442; x_wconf 91' lang='lat' dir='ltr'><strong>aut</strong></span> <span class='ocrx_word' id='word_1_231' title='bbox 1301 2387 1440 2459; x_wconf 92' lang='lat' dir='ltr'><strong>quod</strong></span> <span class='ocrx_word' id='word_1_232' title='bbox 1462 2388 1546 2443; x_wconf 90' lang='lat' dir='ltr'><strong>ine</strong></span> <span class='ocrx_word' id='word_1_233' title='bbox 1584 2395 1671 2444; x_wconf 83' lang='lat' dir='ltr'><strong>tus</strong></span> 
     </span>
     <span class='ocr_line' id='line_1_34' title="bbox 297 2454 1907 2531; baseline 0.004 -22"><span class='ocrx_word' id='word_1_234' title='bbox 297 2454 531 2511; x_wconf 84' lang='lat' dir='ltr'><strong>Fannius</strong></span> <span class='ocrx_word' id='word_1_235' title='bbox 555 2457 904 2531; x_wconf 86' lang='lat' dir='ltr'><strong>Hermogenis</strong></span> <span class='ocrx_word' id='word_1_236' title='bbox 930 2458 1082 2515; x_wconf 83' lang='lat' dir='ltr'><strong>laedat</strong></span> <span class='ocrx_word' id='word_1_237' title='bbox 1109 2458 1324 2514; x_wconf 87' lang='lat' dir='ltr'><strong>conviva</strong></span> <span class='ocrx_word' id='word_1_238' title='bbox 1347 2458 1532 2530; x_wconf 78' lang='lat' dir='ltr'><strong>Tigelli</strong></span> <span class='ocrx_word' id='word_1_239' title='bbox 1832 2460 1907 2516; x_wconf 89' lang='grc'><strong>80</strong></span> 
     </span>
     <span class='ocr_line' id='line_1_35' title="bbox 296 2526 1505 2600; baseline 0.002 -20"><span class='ocrx_word' id='word_1_240' title='bbox 296 2526 505 2583; x_wconf 86' lang='lat' dir='ltr'><strong>Plotius</strong></span> <span class='ocrx_word' id='word_1_241' title='bbox 532 2533 587 2583; x_wconf 91' lang='lat' dir='ltr'><strong>et</strong></span> <span class='ocrx_word' id='word_1_242' title='bbox 610 2529 817 2596; x_wconf 86' lang='lat' dir='ltr'><strong>Varius,</strong></span> <span class='ocrx_word' id='word_1_243' title='bbox 846 2531 1107 2585; x_wconf 79' lang='lat' dir='ltr'><strong>Maecenas</strong></span> <span class='ocrx_word' id='word_1_244' title='bbox 1134 2527 1505 2600; x_wconf 88' lang='lat' dir='ltr'><strong>Virgiliusque,</strong></span> 
     </span>
    </p>

    <p class='ocr_par' dir='ltr' id='par_1_23' title="bbox 295 2598 1651 2671">
     <span class='ocr_line' id='line_1_36' title="bbox 295 2598 1651 2671; baseline 0.002 -20"><span class='ocrx_word' id='word_1_245' title='bbox 295 2598 519 2671; x_wconf 83' lang='lat' dir='ltr'><strong>Valgius</strong></span> <span class='ocrx_word' id='word_1_246' title='bbox 546 2603 600 2653; x_wconf 91' lang='lat' dir='ltr'><strong>et</strong></span> <span class='ocrx_word' id='word_1_247' title='bbox 625 2601 809 2670; x_wconf 89' lang='lat' dir='ltr'><strong>probet</strong></span> <span class='ocrx_word' id='word_1_248' title='bbox 831 2601 941 2656; x_wconf 84' lang='lat' dir='ltr'><strong>haec</strong></span> <span class='ocrx_word' id='word_1_249' title='bbox 966 2599 1218 2656; x_wconf 88' lang='lat' dir='ltr'><strong>Octavius</strong></span> <span class='ocrx_word' id='word_1_250' title='bbox 1243 2617 1274 2653; x_wconf 96' lang='lat' dir='ltr'><strong>o</strong></span> <span class='ocrx_word' id='word_1_251' title='bbox 1312 2598 1469 2654; x_wconf 90' lang='lat' dir='ltr'><strong>timus</strong></span> <span class='ocrx_word' id='word_1_252' title='bbox 1495 2602 1651 2671; x_wconf 79' lang='lat' dir='ltr'><strong>atque</strong></span> 
     </span>
    </p>

    <p class='ocr_par' dir='ltr' id='par_1_24' title="bbox 296 2618 1719 2743">
     <span class='ocr_line' id='line_1_37' title="bbox 296 2618 1719 2743; baseline 0.001 -18"><span class='ocrx_word' id='word_1_253' title='bbox 296 2668 502 2725; x_wconf 83' lang='lat' dir='ltr'><strong>Fuscus</strong></span> <span class='ocrx_word' id='word_1_254' title='bbox 526 2674 581 2725; x_wconf 87' lang='lat' dir='ltr'><strong>et</strong></span> <span class='ocrx_word' id='word_1_255' title='bbox 605 2669 717 2727; x_wconf 81' lang='lat' dir='ltr'><strong>haec</strong></span> <span class='ocrx_word' id='word_1_256' title='bbox 740 2670 940 2727; x_wconf 87' lang='lat' dir='ltr'><strong>utinam</strong></span> <span class='ocrx_word' id='word_1_257' title='bbox 963 2670 1245 2728; x_wconf 86' lang='lat' dir='ltr'><strong>Viscorum</strong></span> <span class='ocrx_word' id='word_1_258' title='bbox 1267 2618 1443 2740; x_wconf 51' lang='lat' dir='ltr'><strong>findet</strong></span> <span class='ocrx_word' id='word_1_259' title='bbox 1467 2669 1719 2743; x_wconf 84' lang='lat' dir='ltr'><strong>uterque!</strong></span> 
     </span>
    </p>
   </div>
  </div>
 </body>
</html>
