2031 2952
272 126 383 191 244
852 172 857 179 .
922 125 1217 178 HOBATII

273 245 381 302 Hic
404 245 567 300 meret
591 260 693 299 aera
713 241 842 299 liber
868 242 1028 298 Sosiis
1049 261 1065 307 ς
1099 241 1184 299 hic
1207 245 1260 298 et
1284 251 1432 300 mare
1444 244 1634 301 transit

270 317 344 372 Et
366 316 576 386 longum
600 318 725 369 noto
749 314 992 385 scriptori
1013 318 1258 384 prorogat
1281 332 1463 370 aevum.

274 387 408 442 Sunt
432 385 619 442 delicta
641 389 829 450 tamen,
856 384 1042 457 quibus
1066 384 1328 456 ignovisse
1352 385 1600 452 velimus;
1669 385 1859 457 [men8,

271 457 407 515 Nam
434 474 602 528 neque
627 454 816 511 chorda
838 474 1019 510 sonum
1054 454 1239 520 reddit,
1267 474 1417 527 quem
1444 457 1557 512 vult
1590 476 1773 513 manus
1805 466 1859 513 et

274 527 621 598 Poscentique
684 544 852 581 ravem
878 544 1105 599 persaepe
1130 528 1350 582 remittit
1372 532 1613 594 acutum3

270 598 390 654 Nec
414 616 518 653 sem
557 615 613 652 er
656 596 786 652 eriet
810 596 1152 668 quodcunque
1178 597 1456 652 minabitur
1479 616 1646 654 arcus,
1755 599 1861 655 350

271 669 469 725 Verum
493 688 530 723 u
567 670 583 724 i
607 667 757 738 plura
778 668 947 722 nitent
973 667 1026 721 in
1050 668 1288 734 carmine,
1315 686 1420 723 non
1443 686 1542 740 ego
1566 668 1745 741 paucis

272 738 516 795 Offendar
540 737 767 804 maculis,
794 756 919 810 quas
945 741 1037 792 aut
1061 738 1258 793 incuria
1279 736 1412 795 fudit

273 813 385 866 Aut
410 811 630 865 humana
652 827 833 878 parum
857 809 993 873 cavit
1017 815 1216 864 nat-ura.
1291 809 1430 878 Quid
1453 827 1576 882 ergo
1602 811 1720 867 est?

273 881 353 936 Ut
377 881 600 962 scriptor
623 880 668 935 si
684 886 872 952 peccat
897 879 1032 934 idem
1057 879 1294 935 librarius
1319 898 1501 951 usque,

271 951 519 1021 Quamvis
544 955 624 1006 est
648 950 889 1018 monituS,
913 951 1064 1005 venia
1087 955 1256 1017 caret3
1295 954 1355 1006 ut
1379 951 1690 1008 citharoedus

273 1021 513 1087 Ridetur,
539 1021 727 1077 chorda
750 1020 840 1092 qui
863 1038 1066 1093 semper
1088 1020 1293 1076 oberrat
1316 1020 1510 1088 eadem,

276 1092 362 1148 Sic
384 1092 523 1158 mihi,
550 1091 639 1164 qui
662 1090 881 1146 multum
906 1094 1089 1158 cessat,
1113 1091 1174 1146 fit
1199 1091 1454 1148 Choerilus
1479 1092 1580 1159 ille,

277 1164 442 1230 Quem
464 1161 543 1217 bis
567 1167 710 1218 terve
734 1161 923 1218 bonum
949 1179 1069 1217 cum
1092 1161 1202 1217 risu
1226 1162 1416 1227 miror3
1451 1168 1504 1218 et
1527 1163 1664 1220 idem

274 1233 539 1306 Indignor,
566 1231 872 1305 quandoque
895 1231 1063 1288 bonus
1088 1230 1331 1287 dormitat
1355 1233 1633 1291 Homerus.

277 1303 472 1358 Verum
497 1304 641 1374 operi
660 1303 816 1384 longo
839 1302 917 1357 fas
942 1306 1024 1358 est
1048 1302 1291 1373 obrepere
1314 1321 1568 1365 somnum.
1759 1307 1870 1362 360

274 1375 354 1430 Ut
378 1375 595 1446 pictura,
621 1376 822 1446 poesls:
862 1373 976 1440 erit,
1002 1391 1132 1444 quae,
1159 1373 1205 1428 si
1229 1373 1437 1455 propius
1463 1379 1588 1442 stes,

273 1444 348 1501 Te
372 1445 541 1518 capiat
565 1444 742 1518 magis,
768 1448 823 1500 et
848 1443 1094 1518 quaedam,
1121 1443 1241 1500 silo
1331 1462 1394 1500 us
1419 1444 1623 1514 abstes;

276 1517 409 1573 Haec
433 1524 569 1571 amat
592 1516 882 1583 obscurum,
910 1514 1051 1571 volet
1074 1514 1184 1570 haec
1209 1462 1443 1572 siiffluce
1470 1516 1648 1585 videri,
1699 1579 1703 1584 ,

273 1587 309 1642 J
310 1586 472 1643 udicis
497 1592 738 1657 argutum
792 1605 871 1642 uae
894 1604 1001 1642 non
1023 1585 1264 1640 formidat
1287 1604 1532 1654 acumen;

274 1658 408 1715 Haec
430 1656 624 1739 placuit
647 1674 787 1711 seme
806 1700 822 1723 ,
847 1656 955 1712 haec
980 1656 1148 1712 decies
1173 1656 1397 1727 repetita
1419 1657 1656 1730 placebit.

275 1729 324 1784 O
348 1747 508 1801 major
524 1727 789 1799 juvenum,
816 1727 1048 1798 quamvis
1073 1732 1126 1781 et
1150 1745 1277 1783 voce
1335 1732 1515 1784 aterna

273 1799 509 1871 Fingeris
533 1798 598 1856 ad
622 1806 824 1854 rectum
847 1802 901 1852 et
923 1816 1018 1869 per
1044 1801 1100 1851 te
1124 1798 1278 1867 sapia,
1342 1817 1403 1854 oc
1430 1799 1524 1855 tibi
1548 1798 1745 1857 dictum

274 1870 418 1926 Tolle
440 1888 651 1935 memor,
678 1869 833 1925 certis
858 1867 1079 1924 medium
1106 1872 1160 1922 et
1184 1867 1449 1924 tolerabile
1471 1870 1627 1926 rebus

274 1941 445 1997 Recte
470 1940 697 2014 concedi.
771 1938 1057 1995 Consultus
1077 1937 1209 2009 juris
1234 1942 1288 1993 et
1313 1944 1458 1995 actor

277 2014 555 2067 Causarum
580 2010 848 2068 mediocris
873 2011 1020 2066 abest
1044 2010 1238 2064 virtute
1259 2009 1441 2065 diserti
1765 2012 1880 2071 370

276 2081 532 2147 Messalae,
558 2100 654 2138 nec
679 2083 778 2137 scit
803 2087 1056 2153 quantum
1083 2078 1365 2135 Cascellius
1390 2079 1573 2146 Aulus,

278 2152 381 2207 Sed
405 2158 576 2208 tamen
601 2152 656 2208 in
681 2151 845 2223 pretio
866 2158 979 2207 est:
1018 2149 1361 2206 mediocribus
1386 2169 1497 2207 esse
1523 2151 1693 2222 poetis

275 2224 395 2278 Non
420 2223 667 2289 homines,
692 2240 795 2277 non
820 2223 905 2288 Di,
932 2240 1037 2277 non
1062 2238 1359 2276 concessere
1381 2222 1645 2279 columnae.

276 2292 355 2348 Ut
380 2298 553 2365 gratas
577 2292 712 2347 inter
734 2310 937 2348 mensas
962 2290 1264 2364 symphonia
1287 2290 1484 2348 discors

159 2364 163 2368 '
276 2362 349 2417 Et
373 2381 601 2418 crassum
625 2369 945 2434 unguentum
972 2368 1027 2417 et
1053 2360 1214 2416 Sardo
1239 2379 1356 2416 cum
1380 2362 1529 2419 melle
1553 2381 1779 2436 papaver

278 2432 576 2499 Offendunt,
605 2437 808 2504 poterat
835 2433 953 2488 duci
977 2432 1098 2504 quia
1120 2449 1264 2486 coena
1289 2432 1399 2487 sine
1423 2433 1554 2500 istis,

281 2502 366 2556 Sic
392 2503 572 2556 animis
597 2508 778 2558 natum
799 2503 1167 2573 inventumque
1191 2503 1378 2572 poema
1395 2503 1654 2575 juvandiS,

280 2571 338 2625 Si
360 2572 587 2641 paullum
612 2591 811 2630 summo
836 2573 1073 2638 decessit,
1102 2571 1266 2642 vergit
1292 2572 1357 2627 ad
1381 2573 1556 2630 imum.

278 2640 487 2695 Ludere
514 2643 601 2712 qui
624 2644 806 2708 nescit,
833 2641 1204 2712 campestribus
1230 2642 1455 2700 abstinet
1478 2644 1652 2714 armiS,
1866 2699 1889 2706 -

280 2708 634 2782 Indoctusque
657 2713 774 2785 pilae
798 2713 991 2769 discive
1015 2712 1245 2769 trochive
1269 2713 1507 2785 quiescit,
1769 2717 1888 2773 380
