2031 2952
308 159 409 211 114
700 174 705 178 ·
804 200 807 203 ,
965 123 1320 190 HORATH'

453 262 593 319 Hiet
619 276 686 313 ue
709 254 875 326 turpis
901 253 1036 308 inter
1064 247 1229 304 aridas
1256 248 1402 300 nates

526 278 704 386 Pdilex
725 326 870 383 velut
894 322 1065 379 crudae
1090 318 1254 374 bovis.
1713 383 1717 386 Δ

458 402 563 460 Sed
584 400 765 456 incitat
788 415 869 452 me
894 398 1077 467 pectus
1105 395 1158 446 et
1183 405 1412 444 mammae
1436 387 1634 457 putreS,

526 471 730 543 Equina
753 467 928 540 quales
951 462 1127 529 ubera,

454 544 756 612 Venterque
779 536 944 592 mollis
970 540 1024 590 et
1050 534 1213 588 femur
1238 525 1561 585 tumentibus

528 612 681 668 Exile
706 610 839 665 suris
863 606 1095 661 additum
1113 604 1134 658 !‘
1849 591 1932 648 10
2025 608 2026 647 l

462 685 593 741 Esto
617 681 782 746 beata,
807 679 961 733 funus
986 681 1142 746 atque
1165 672 1413 744 imagines
2025 656 2026 673 ¹

536 753 746 809 Ducant
771 745 1105 820 triumphales
1130 751 1297 807 tuum,

466 824 584 881 Nec
609 822 679 878 sit
704 821 900 886 marita,
926 836 1039 890 quae
1064 812 1451 870 rotundioribus

541 895 746 949 Onusta
767 890 908 947 bacis
933 887 1174 943 ambulet.

473 964 625 1033 Quid,
652 962 793 1036 quod
816 959 976 1017 libelli
1002 957 1165 1012 Stoici
1189 957 1325 1012 inter
1352 955 1541 1011 sericos

545 1037 584 1091 J
586 1052 730 1090 acere
757 1030 995 1105 pulvillos
1021 1029 1230 1083 amant?

475 1104 718 1163 Illiterati
740 1121 865 1157 num
888 1101 1059 1156 minus
1084 1098 1230 1153 nervi
1253 1096 1463 1169 rigent?

549 1175 793 1231 Minusve
818 1173 1031 1243 languet
1054 1169 1343 1223 fascinum?

478 1244 633 1319 Quod
655 1250 716 1299 ut
739 1244 960 1315 superbo
985 1257 1231 1312 provoces
1258 1238 1320 1293 ab
1345 1236 1574 1308 inguine,

553 1317 657 1372 Ore
681 1311 1061 1371 allaborandum
1084 1316 1165 1365 est
1188 1309 1301 1364 tibi.
1870 1298 1939 1354 20

641 1562 951 1622 GARMEN
989 1558 1239 1615 IX.-A1>
1275 1562 1652 1610 monumen.

493 1688 736 1751 Quium
759 1685 1022 1755 repostum
1049 1667 1332 1734 Caecubum
1354 1672 1418 1729 ad
1442 1670 1603 1728 festas
1627 1663 1782 1736 dapes

563 1758 780 1813 Victore
802 1756 954 1811 laetus
979 1752 1182 1807 Caesare

496 1829 692 1885 Tecum
715 1826 812 1882 sub
837 1825 955 1890 alta,
982 1823 1056 1878 sic
1079 1820 1113 1873 J
1116 1819 1199 1874 ovi
1224 1819 1444 1889 gratum,
1471 1811 1639 1873 domn,

570 1900 731 1955 Beate
755 1897 1034 1958 Maecenas,
1059 1890 1247 1956 bibam,
1323 1927 1327 1931 -

504 1970 731 2025 Sonante
756 1968 969 2022 mixtum
996 1961 1137 2018 tibiis
1162 1975 1365 2014 carmen
1388 1954 1516 2023 lyra,
1575 1987 1580 1993 -

568 2037 688 2094 Hac
710 2037 945 2101 Dorium,
970 2033 1071 2088 illis
1094 2026 1404 2087 barbarum?

502 2110 581 2166 Ut
605 2128 786 2181 nuper,
814 2111 961 2162 actus
987 2122 1142 2175 quum
1170 2101 1303 2155 freto
1327 2091 1630 2168 Neptunius

575 2176 859 2242 Dux-fugit
881 2176 1014 2231 ustis
1038 2172 1268 2238 navibus,

504 2251 741 2306 Minatus
765 2248 901 2304 Urbi
926 2244 1107 2310 vincla,
1135 2260 1248 2311 quae
1273 2236 1567 2293 detraxerat

580 2321 750 2377 Servis
777 2318 968 2374 amicus
992 2312 1217 2387 perfidis

508 2392 790 2455 Romanus,
818 2390 962 2452 eheu,
991 2383 1185 2454 posteri
1206 2377 1478 2451 negabitiS,

580 2462 945 2532 Emancipatus
969 2456 1167 2511 feminae
1523 2470 1528 2476 ·

512 2530 640 2586 Fert
660 2531 849 2586 vallum
876 2532 931 2585 et
954 2546 1096 2582 arma
1116 2522 1261 2579 miles
1286 2512 1677 2586 etvspadonibus

590 2602 790 2657 Servire
815 2599 1018 2671 rugosis
1045 2597 1232 2664 potest,

517 2674 770 2743 Interque
795 2672 941 2741 signa
963 2675 1118 2739 turpe
1144 2660 1383 2720 militaria
1470 2667 1476 2672 ”

570 2742 678 2799 -Sol
699 2741 918 2814 adspicit
941 2737 1230 2810 conopium.

1883 2294 1954 2349 10
