2031 2952
954 91 1251 143 HORATII

444 206 598 276 Quid,
625 206 765 278 quod
788 225 954 278 usque
979 206 1249 278 proximos

512 278 741 333 Revellis
765 278 877 349 agri
901 277 1152 333 terminos
1179 283 1233 333 et
1257 277 1396 333 ultra

446 347 665 405 Limites
691 348 957 404 clientium

518 419 648 474 Salis
673 420 897 474 avarus?
969 417 1195 473 Pellitur
1218 421 1464 490 paternos

448 489 514 544 In
542 490 660 545 sinu
684 489 852 544 ferens
877 489 1021 543 Deos
1275 493 1281 498 ’

479 581 495 590 ·
516 560 589 614 Et
613 578 744 615 uxor
767 564 821 615 et
846 560 926 613 vir
951 558 1289 631 sordidosque
1314 562 1484 616 natos.

448 630 612 687 Nulla
635 630 825 686 certior
848 634 1021 684 tamen

517 701 740 773 Rapacis
765 701 887 756 Orci
912 700 1011 754 fine
1037 699 1298 756 destinata

449 772 588 827 Aula
611 771 822 827 divitem
846 773 1021 825 manet

518 843 738 898 Herum.
808 840 952 901 Quid
975 840 1114 895 ultra
1136 839 1347 897 tendis?
1420 842 1593 914 AEque
1618 840 1775 898 tellus

456 913 679 985 Pauperi
704 911 990 967 recluditur

521 984 600 1038 Re
728 1001 827 1054 que
852 981 1043 1052 pueris,
1068 998 1165 1036 nec
1191 980 1400 1038 satelles
1425 982 1551 1039 Orci

452 1002 704 1108 Callidum
729 1051 1040 1107 Promethea

520 1123 742 1179 Revexit
767 1140 891 1177 auro
914 1127 1115 1194 captus.
1188 1121 1294 1177 Hic
1319 1121 1600 1195 superbum

453 1193 725 1257 Tantalum
750 1196 906 1264 atque
930 1190 1135 1247 Tantali

522 1265 700 1320 Genus
723 1268 963 1329 coercet3
999 1263 1086 1318 hic
1110 1261 1282 1317 levare
1305 1263 1544 1320 functum

456 1335 742 1404 Pauperem
765 1333 1028 1389 laboribus
1573 1335 1584 1347 '

523 1405 755 1461 Vocatus
780 1409 936 1476 atque
958 1422 1063 1459 non
1086 1406 1304 1459 vocatus
1329 1402 1491 1460 audit.

495 1526 803 1582 OARMEN
837 1525 1142 1582 XIX—An
1179 1542 1439 1582 Lmnntm
1475 1541 1719 1583 mma.

452 1609 735 1664 BAccntm
759 1609 815 1662 in
838 1608 1052 1663 remotis
1076 1608 1303 1663 carmina
1326 1608 1549 1682 rupibus

454 1678 578 1734 Vidi
605 1679 892 1743 docentem,
920 1677 1117 1738 credite
1142 1680 1358 1751 posteri,
1555 1698 1560 1704 ·

526 1749 793 1822 Nymphas
831 1768 897 1805 ue
921 1748 1182 1805 discentes
1207 1754 1262 1805 et
1287 1769 1439 1806 aures

594 1821 811 1893 Capripe
845 1839 935 1875 um
961 1820 1266 1892 Satyrorum
1288 1826 1487 1878 acutas.

455 1891 620 1956 Euoe,
647 1891 845 1947 recenti
869 1909 1012 1946 mens
1038 1891 1265 1963 trepidat
1292 1902 1450 1959 metu,
1573 1895 1576 1900 ⁴

457 1961 722 2033 Plenoque
744 1962 942 2017 Bacchi
965 1965 1176 2033 pectore
1200 1962 1464 2018 turbidum

524 2033 779 2088 Laetatur.
852 2032 1015 2097 Euoe,
1041 2050 1193 2103 parce
1217 2032 1394 2100 Liber,

593 2103 774 2167 Parce,
797 2102 944 2174 gravi
967 2102 1242 2158 metuende
1266 2103 1326 2157 th
1362 2122 1465 2159 rso.

455 2172 557 2227 Fas
582 2174 874 2244 pervicaces
898 2178 980 2229 est
1006 2173 1130 2228 mihi
1152 2173 1230 2227 Th
1265 2174 1315 2229 ia
1350 2193 1406 2230 as

454 2243 680 2315 Vinique
704 2243 916 2309 fontem,
941 2243 1092 2299 lactis
1116 2250 1169 2298 et
1193 2193 1377 2301 uberes

527 2315 750 2369 Cantare
772 2314 912 2370 rivos
936 2322 1095 2386 atque
1121 2315 1321 2369 truncis

596 2385 770 2456 Lapsa
793 2385 932 2440 cavis
955 2384 1144 2439 iterare
1170 2384 1335 2451 mella,

461 2453 561 2508 Fas
586 2463 641 2509 et
665 2455 827 2512 beatae
851 2454 1087 2525 conjugis
1114 2453 1347 2509 additum

462 2522 635 2580 stellis
658 2525 920 2591 honorem,
947 2529 1189 2604 tectaque
1212 2525 1436 2583 Penthei

525 2594 760 2650 Dis'ecta
781 2613 885 2650 non
908 2595 1011 2649 leni
1037 2613 1201 2658 ruma,

600 2613 813 2719 'Phi-acis
837 2671 890 2719 et
915 2663 1130 2719 exitium
1155 2664 1399 2738 Lycurgi.

1828 706 1903 760 30

1852 2247 1934 2306 10
