2031 2952
578 129 1071 181 EPISTOLARUM
1104 130 1149 181 1.
1183 129 1263 190 17,
1298 132 1379 183 18.
1452 114 1456 120 ’
1678 132 1777 182 213

179 244 283 301 Est
306 244 426 301 huic
450 243 704 299 diversum
731 243 858 299 vitio
882 244 1066 298 vitium
1089 262 1249 315 prope
1274 244 1460 315 majus.

182 316 452 388 Asperitas
476 314 695 386 agrestis
720 319 773 369 et
797 314 1101 370 inconcinna
1123 315 1412 386 gravisque,

183 386 316 456 Quae
339 404 395 441 se
420 385 739 459 commendat
764 389 914 441 tonsa
937 390 1074 452 cute,
1102 384 1342 440 dentibus
1369 386 1512 452 atriS‚

183 457 327 513 Dum
349 460 462 512 vult
486 456 695 512 libertas
721 456 822 511 dici
847 474 985 511 mera
1006 474 1228 526 veraque
1250 456 1433 512 virtus,

183 527 370 583 Virtus
394 531 474 583 est
497 526 722 582 medium
745 526 988 581 vitiorum
1012 530 1066 581 et
1090 527 1332 598 utrinque
1357 527 1644 584 reductum.

183 598 334 654 Alter
357 598 413 653 in
435 597 733 669 obsequium
758 598 873 669 plus
900 615 1049 668 aequo
1110 615 1266 651 ronus
1291 604 1345 654 et
1368 598 1458 654 inu·
1711 596 1774 656 lo

185 669 402 725 Derisor
427 668 550 725 lecti
574 668 649 724 sic
675 671 861 722 nutum
886 666 1062 723 divitis
1124 671 1280 734 orret,

187 740 274 795 Sic
297 740 449 795 iterat
473 757 625 794 voces
650 743 702 794 et
726 738 883 793 verba
906 738 1141 793 cadentia
1165 738 1320 805 tollit,

93 864 100 870 .
185 810 267 866 Ut
326 829 507 866 uerum
531 827 668 865 saevo
693 808 870 865 credas
895 808 1092 864 dictata
1116 805 1362 881 magistro

185 829 426 937 Reddere
450 880 532 936 vel
555 887 729 953 partes
755 879 963 934 mimum
987 884 1211 935 tractare
1235 878 1500 936 secundas,

186 951 337 1007 Alter
358 952 557 1006 rixatur
581 950 646 1006 de
669 950 786 1005 lana
809 968 943 1021 saepe
967 950 1188 1020 caprina,

187 1023 327 1094 Prop
466 1025 526 1077 te
550 1039 624 1076 nu
660 1020 703 1076 is
729 1026 984 1077 armatus:
1026 1024 1058 1049 “
1076 1020 1296 1085 Scilicet,
1322 1022 1387 1074 ut
1407 1037 1513 1075 non
1561 1016 1567 1023 ’

163 1092 270 1148 'Sit
292 1040 467 1147 111111ἕ11ιί
476 1092 603 1147 rima
624 1040 767 1157 {dea
795 1096 848 1146 et
872 1109 992 1172 vere
1018 1090 1155 1163 quod
1181 1090 1345 1161 placet
1369 1094 1428 1145 ut
1452 1108 1559 1145 non

186 1166 396 1219 Acriter
418 1181 447 1219 e
467 1168 628 1218 atrem
644 1162 709 1217 ?”
769 1163 1003 1217 Pretlum
1030 1165 1154 1216 aetas
1178 1161 1338 1216 altera
1362 1160 1552 1216 sordet.

187 1232 339 1289 Amb·
382 1233 487 1288 'tur
509 1233 634 1305 quid
656 1235 835 1288 enim?
894 1231 1240 1293 Castorsciat
1265 1251 1331 1286 an
1354 1230 1601 1286 Dolichos
1627 1228 1775 1302 plus3

187 1304 336 1359 Brun
371 1304 523 1359 isium
545 1303 749 1358 Minuci
772 1302 955 1357 melius
980 1302 1066 1357 via
1088 1302 1244 1357 ducat
1270 1320 1336 1356 an
1360 1301 1513 1373 Appi.
1710 1301 1777 1355 20

181 1376 361 1434 ‚Quem
386 1373 631 1429 damnosa
652 1374 848 1438 Venus,
877 1391 1030 1444 quem
1054 1390 1282 1449 praeceps
1308 1372 1416 1426 alea
1437 1371 1618 1437 nudat,

190 1444 365 1501 Gloria
388 1463 540 1517 quem
564 1461 720 1516 supra
745 1443 877 1500 vires
903 1450 956 1498 et
980 1442 1138 1498 vestit
1164 1447 1217 1498 et
1242 1442 1409 1515 ungit,

170 1515 357 1585 ‚Quem
380 1520 524 1572 tenet
548 1514 750 1586 argenti
772 1514 887 1569 sitis
911 1515 1205 1585 importuna
1229 1513 1506 1585 famesque,

192 1586 356 1653 Quem
416 1586 698 1657 aupertatis
722 1584 889 1666 pudor
914 1589 966 1639 et
993 1585 1131 1656 suga,
1158 1584 1301 1639 dives
1326 1586 1521 1639 amicus

191 1657 338 1730 Saepe
398 1675 541 1712 ecem
564 1657 705 1711 vitiis
728 1655 1032 1710 instructior
1056 1650 1165 1710 odit
1191 1659 1243 1710 et
1267 1655 1460 1722 horret,

188 1730 317 1795 Aut,
343 1727 388 1782 si
411 1745 517 1781 non
540 1727 665 1794 odit,
692 1727 840 1796 regit,
866 1744 927 1781 ac
950 1726 1112 1781 veluti
1139 1724 1222 1795 pia
1239 1728 1404 1780 mater

189 1797 317 1853 Plus
342 1817 492 1869 quam
518 1815 574 1853 se
599 1815 778 1869 sapere
801 1801 856 1851 et
879 1796 1163 1852 virtutibus
1187 1813 1300 1849 esse
1324 1793 1544 1866 priorem

187 1867 338 1934 Vult,
364 1874 419 1924 et
443 1869 517 1923 ait
538 1886 700 1941 prope
724 1885 877 1922 vera:
920 1871 954 1895 “
971 1864 1489 1922 Meae—contendere
1511 1861 1689 1918 noli-

190 1938 476 1994 Stultitiam
501 1939 772 2011 patiuntur
796 1955 953 2010 opes3
988 1935 1087 1991 tibi
1109 1934 1325 2008 parvula
1350 1953 1431 1989 res
1457 1938 1565 1988 est:

188 2011 353 2065 Arcta
374 2008 523 2065 decet
548 2027 732 2063 sanum
755 2008 993 2064 comitem
1018 2013 1173 2078 toga3
1213 2005 1388 2060 desine
1413 2022 1610 2058 mecum
1710 2004 1778 2058 30

191 2081 459 2135 Certare.'’
530 2078 862 2149 Eutrapelus,
891 2077 1179 2148 cuicunque
1204 2092 1389 2131 nocere
1414 2072 1636 2140 volebat,

189 2148 519 2205 Vestimenta
541 2149 696 2205 dabat
720 2147 976 2220 pretiosa:
1017 2146 1198 2204 beatus
1224 2146 1359 2200 enim
1380 2145 1487 2216 jam

190 2220 325 2275 Cum
348 2220 573 2290 pulchris
596 2219 790 2274 tunicis
816 2222 985 2273 sumet
1010 2235 1143 2273 nova
1167 2216 1380 2272 consilia
1402 2219 1456 2270 et
1480 2232 1614 2286 spes,

190 2290 429 2346 Dormiet
452 2291 509 2344 111
532 2290 715 2356 lucem,
742 2292 912 2344 scorto
940 2292 1219 2359 postponet
1244 2285 1519 2341 honestum

190 2361 443 2426 Officium,
469 2378 704 2415 nummos
729 2359 922 2414 alienos
949 2363 1141 2428 pascet,
1170 2356 1233 2411 ad
1259 2358 1421 2411 imum

189 2431 365 2486 Threx
387 2430 485 2485 erit
510 2435 602 2485 aut
626 2429 825 2485 olitoris
851 2434 970 2499 aget
993 2427 1228 2483 mercede
1254 2425 1522 2482 caballum.

190 2499 451 2557 Arcanum
473 2518 641 2572 neque
664 2506 727 2554 tu
749 2497 1062 2555 scrutaberis
1087 2498 1225 2553 illius
1249 2516 1509 2577 unquam3
1570 2511 1573 2514 ·

193 2571 537 2628 Commissum
572 2588 638 2625 ue
661 2574 809 2641 teges
834 2574 886 2624 et
912 2569 1032 2624 vino
1057 2574 1226 2624 tortus
1251 2574 1305 2622 et
1329 2585 1406 2621 ira

167 2642 308 2700 ‘Nec
330 2646 424 2698 tua
445 2640 533 2696 lau
599 2639 676 2695 bis
702 2640 877 2695 studia
899 2643 989 2695 aut
1013 2641 1176 2695 aliena
1199 2637 1492 2709 reprendes,

552 2745 569 2764 ⁶
593 2735 775 2783 rixatur,
793 2736 834 2775 d.
855 2735 885 2775 l.
904 2745 939 2775 s.
962 2745 1138 2785 caprina
1160 2735 1425 2783 propugnat.
