2031 2952
595 157 1085 217 mmsimmuuxi
1124 168 1192 261 ῃ.
1234 170 1277 215 2.
1631 172 1730 228 229

131 278 414 334 Intervalla
436 277 579 333 vides
604 278 824 347 humane
849 278 1404 335 commoda—Verum
1502 276 1511 283 “
1663 289 1733 346 '70
1774 313 1784 325 ›

135 350 283 404 Purae
307 356 430 405 sunt
490 348 592 404 late
639 391 654 414 ,
679 368 766 402 mi
831 354 892 403 ut
916 349 1286 405 meditantibus
1311 324 1695 421 obstate-⁷²³*
1738 336 1769 383 f
1808 354 1821 365 ’

131 419 367 475 Festinat
637 419 767 501 ‘ulis
791 419 1088 501 gerulisque
1110 419 1420 492 redemptor,
1504 468 1529 493 ι
1542 457 1561 491 s
1575 454 1595 491 7
1610 386 1753 572 {sy-Z(
1764 390 1803 437 j

132 491 360 561 Torquet
385 508 524 546 nunc
548 491 599 545 la
633 489 785 557 idem,
812 509 847 544 n
884 508 949 544 nc
973 509 1157 561 mgens
1183 492 1418 548 machina
1438 425 1642 566 tknum'
1643 538 1659 563 ,
1736 520 1831 563 μμ
1864 520 1875 533 2
1936 524 1959 539 .-

132 561 322 617 Tristia
342 561 571 616 robustis
614 564 863 625 notantur
888 561 1070 615 funera
1092 560 1351 630 plaustris,

133 632 249 687 Hac
273 630 476 686 rabiosa
497 631 634 702 fugit
658 630 815 697 canis,
842 631 938 686 hac
962 630 1224 700 Lutulfflta
1245 632 1351 687 ruit
1377 651 1496 690 sus:
1539 636 1595 677 ’Ἡ
1614 650 1629 677 f
1646 648 1661 665 ¹
1680 602 1711 675 'l
1764 602 1802 689 f.
1908 633 1965 689 ι’·

133 703 162 756 I
187 719 325 757 nunc
349 704 403 757 et
427 720 608 757 versus
631 706 804 757 tecum
829 700 1079 757 meditare
1105 719 1335 758 canoros.
1814 710 1831 731 ‘
1878 714 1886 725 '
1938 700 1955 721 ‘⁴

135 772 456 844 Scriptorum
480 773 667 827 chorus
692 771 857 832 omnis
882 776 1021 826 amat
1044 789 1225 839 nemus
1252 776 1304 827 et
1331 773 1468 845 fugit
1492 775 1690 847 urbem,
1892 794 1895 795 ⁷
2006 754 2015 769 ι

134 843 256 897 Rite
282 842 441 899 cliens
467 842 660 898 Bacchi
684 840 1173 914 somno‘gaudentis
1190 849 1244 897 et
1267 844 1480 901 umbra:
1522 887 1541 943 Ι
1660 888 1688 899 .,
1954 912 1965 921 ‚

133 913 214 967 Tu
238 932 319 968 me
343 913 479 968 inter
503 913 691 984 strepit
690 931 753 967 us
777 916 1063 967 nocturnos
1088 917 1246 984 atque
1271 913 1484 970 diurnos
1648 918 1735 961 ’Μ’
1774 924 1797 957 ἰ
1953 930 1975 957 ⁶

136 984 228 1038 Vis
254 1002 437 1056 canere
461 1002 492 1039 e
539 985 809 1038 oontmcta
831 983 979 1055 sequi
1002 983 1224 1054 vestigia
1246 988 1425 1040 vatum
1444 987 1469 1041 P
1661 987 1729 1041 80
1750 1006 1767 1023 ι

133 1053 426 1125 Ingenium,
453 1053 552 1109 sibi
576 1052 728 1126 quod·
737 1071 927 1108 vacuas
952 1052 1240 1124 desumpsit
1263 1053 1514 1124 Athenas,

131 1124 203 1179 Et
222 1124 415 1192 ¹studiis
439 1142 600 1180 annos
625 1127 822 1194 septem
847 1122 989 1179 dedit
1012 1124 1346 1195 insenuitque

130 1194 305 1251 Libris
330 1200 384 1250 et
409 1195 562 1261 curis,
588 1199 764 1250 statua
785 1194 1096 1250 taciturnius
1120 1195 1229 1250 exit

131 1265 446 1337 Plerumque
470 1269 524 1321 et
549 1265 656 1320 risu
680 1264 929 1334 populum
954 1265 1125 1334 quatit
1145 1284 1160 1330 ;
1197 1265 1280 1319 hic
1304 1282 1403 1336 ego
1426 1284 1601 1322 rerum

131 1335 405 1393 Fluctibus
428 1337 484 1391 in
507 1334 691 1390 mediis
715 1339 769 1390 et
797 1334 1194 1406 tempestatibus
1216 1334 1359 1390 urbis

131 1405 309 1462 Verba
331 1407 452 1479 lyrae
476 1410 683 1461 motura
706 1422 889 1461 sonum
914 1409 1218 1461 connect-ere
1244 1406 1427 1478 digner
1441 1408 1467 1462 P

130 1476 317 1533 Frater
339 1485 452 1534 erat
475 1478 659 1534 Romae
682 1475 908 1532 consulti
929 1476 1123 1544 rhetor,
1149 1481 1211 1532 ut
1236 1478 1368 1532 alter

133 1548 365 1603 Alterius
390 1565 624 1604 sermone
650 1565 816 1603 meros
840 1546 1045 1603 audiret
1071 1547 1308 1614 honores,

132 1617 399 1674 Gracchus
423 1622 484 1673 ut
509 1618 593 1674 hic
616 1617 708 1685 illi,
732 1617 868 1672 foret
892 1617 1013 1673 huic
1038 1620 1098 1672 ut
1123 1618 1335 1673 Mucius
1359 1617 1461 1674 ille.

132 1688 238 1756 Qui
261 1689 434 1743 minus
458 1692 675 1761 argutos
699 1693 857 1743 vexat
883 1687 1030 1743 furor
1052 1688 1152 1743 iste
1177 1690 1404 1770 poetas?
1659 1691 1729 1746 90

132 1759 370 1814 Carmina
392 1777 661 1831 compon0‚
689 1758 773 1815 hic
796 1758 986 1830 elegos
1064 1763 1097 1788 “
1115 1758 1354 1814 Mirabile
1378 1758 1496 1813 visu

132 1828 488 1901 Caelatumque
512 1845 696 1885 novem
721 1828 892 1885 Musis
917 1847 1051 1901 opus
1070 1829 1122 1884 !’'
1165 1828 1393 1900 Adspice
1417 1827 1656 1900 primum,

131 1898 343 1968 Quanto
367 1918 488 1955 cum
509 1899 663 1965 fastu,
691 1903 886 1971 quanto
909 1899 1169 1955 molimine
1194 1899 1411 1954 circum-

131 1988 157 2024 s
196 1974 427 2026 ectemus
450 1988 665 2026 vacuam
690 1969 941 2026 Romanis
965 1969 1172 2025 vatibus
1197 1968 1386 2034 aedem3

197 2059 265 2095 ox
289 2040 463 2106 etiam,
489 2040 535 2095 si
559 2040 691 2095 forte
714 2058 882 2102 vacas,
909 2058 1126 2113 sequere
1149 2043 1202 2094 et
1226 2037 1408 2110 procul
1432 2037 1569 2106 audi,

131 2108 275 2179 Quid
296 2111 427 2166 ferat
452 2116 506 2165 et
531 2127 689 2182 quare
712 2111 810 2167 sibi
835 2119 1012 2166 nectat
1037 2114 1257 2181 uterque
1281 2126 1554 2164 coronam:

134 2180 388 2235 Oaedimur
412 2183 466 2235 et
490 2181 711 2236 totidem
734 2180 901 2253 plagis
925 2180 1276 2236 consumimus
1300 2179 1501 2234 hostem

130 2250 305 2305 Lento
330 2251 586 2307 Samnites
609 2250 675 2306 ad
697 2250 893 2306 lumina
915 2251 1083 2320 prima
1105 2248 1291 2305 duello.

130 2319 359 2375 Discedo
382 2320 589 2377 Alcaeus
614 2325 811 2392 puncto
832 2321 1003 2388 illius;
1041 2321 1127 2377 ille
1152 2338 1268 2375 meo
1294 2319 1408 2393 quis
1422 2320 1451 2374 1²

131 2389 264 2459 Quis
287 2389 387 2445 nisi
411 2390 792 2447 Callimachus?
867 2391 922 2446 Si
944 2392 1064 2464 plus
1089 2409 1368 2463 apposcere
1391 2389 1551 2458 visuS,
1626 2388 1728 2445 100

130 2460 220 2515 Fit
247 2461 604 2527 Mimnermus,
629 2466 683 2517 et
706 2461 885 2534 optivo
909 2461 1219 2532 cognomine
1242 2460 1446 2516 crescit.

130 2530 311 2586 Multa
332 2530 457 2596 fer0,
482 2534 544 2586 ut
568 2530 766 2604 placem
789 2550 953 2603 genus
978 2530 1227 2587 irritabile
1252 2536 1445 2597 vatum,

131 2600 308 2670 Quum
334 2601 504 2657 scribo
528 2604 583 2655 et
608 2602 828 2673 supplex
851 2602 1032 2675 populi
1055 2601 1301 2672 suffragia
1323 2607 1492 2673 capte,

130 2670 298 2739 Idem,
323 2671 486 2727 finitis
510 2671 697 2727 studiis
724 2677 777 2727 et
802 2681 974 2729 mente
998 2677 1224 2745 recepta,

132 2742 390 2799 Obturem
407 2741 612 2815 patulas
636 2742 844 2813 impune
868 2743 1160 2816 legentibus
1185 2760 1352 2800 aures,
