2031 2952
586 134 966 191 CARMINUM
1001 143 1104 191 111.
1137 148 1186 203 4,
1220 146 1268 195 5.

345 253 493 307 Auro
516 271 766 323 repensus
792 255 987 311 scilicet
1011 258 1177 313 acrior

346 322 505 378 Miles
528 323 733 379 redibit.
805 326 1031 398 Flagitio
1054 328 1244 385 additis

417 395 706 450 Damnum:
744 414 913 468 neque
936 399 1154 454 amissos
1178 400 1375 458 colores

481 464 629 521 Lana
650 466 808 522 refert
832 467 1086 524 medicata
1107 471 1244 538 fuco,

278 522 285 528 ’
345 536 461 593 Nec
484 555 607 591 vera
627 536 810 605 virtuS,
837 557 993 619 quum
1022 541 1180 597 semel
1202 543 1413 612 excidit,

344 607 506 663 Curat
529 607 709 678 reponi
732 606 1091 666 deterioribus.

419 678 476 733 Si
535 683 698 748 ugnat
723 679 977 734 extricata
1000 681 1174 737 densis

516 752 653 803 'erva
676 749 857 821 plagiS,
883 751 983 805 erit
1006 753 1093 807 ille
1118 754 1283 821 fortis,

344 819 449 889 Qui
473 818 679 887 perfidis
704 838 759 874 se
784 821 1002 877 credidit
1027 822 1282 890 hostibus,

341 890 413 947 Et
437 890 612 945 Marte
635 889 824 945 Poenos
848 898 1080 963 proteret
1103 895 1284 965 altere,

411 960 515 1031 Qui
538 959 650 1015 lora
673 963 927 1018 restrictis
952 963 1158 1020 lacertis

482 1033 653 1087 Sensit
677 1034 815 1087 iners
840 1032 1116 1107 timuitque
1141 1041 1374 1093 mortem.

341 1101 464 1170 Hic,
490 1101 628 1158 unde
651 1102 823 1158 vitam⁷
837 1113 1080 1171 sumeret,
1107 1107 1299 1163 inscius

339 1173 531 1229 Pacem
557 1172 728 1229 duello
752 1173 973 1230 miscuit.
1049 1176 1096 1230 Ο
1123 1178 1318 1248 pudor!

412 1245 460 1300 O
486 1263 672 1324 magna
696 1244 972 1317 CarthagO,
999 1246 1264 1317 probrosis

481 1314 653 1369 Altior
675 1315 843 1371 Italiae
866 1316 1030 1371 ruinis
1049 1318 1060 1371 Ξ
1076 1317 1107 1340 ”

340 1384 530 1440 Fertur
554 1384 754 1456 pudioae
778 1387 1011 1457 conjugis
1037 1388 1267 1443 osculum

341 1455 640 1529 Parvosque
665 1461 833 1524 natoS,
858 1462 920 1513 ut
943 1459 1128 1530 capitis
1153 1461 1335 1531 minor,

415 1526 499 1582 Ab
523 1546 578 1582 se
601 1529 879 1583 removisse
904 1533 957 1583 et
981 1530 1180 1586 virilem

481 1598 682 1653 Torvus
706 1599 849 1653 humi
871 1600 1107 1671 posuisse
1131 1603 1332 1659 vultum
1354 1628 1366 1660 ε

344 1667 525 1724 Donec
550 1667 782 1724 labantes
807 1671 1021 1727 consilio
1046 1678 1220 1745 patres

340 1739 594 1794 Firmaret
618 1745 801 1794 auctor
825 1760 1087 1813 nunquam
1113 1744 1238 1799 alias
1264 1744 1402 1812 date,

409 1811 660 1882 Interque
685 1818 953 1867 maerentes
978 1815 1170 1869 amicos

384 1919 393 1928 .
482 1881 619 1952 Egre
658 1880 740 1936 ius
764 1890 1063 1954 properaret
1088 1885 1251 1939 exsul.

341 1951 506 2024 Atqui
530 1900 726 2007 sciezat
750 1972 864 2024 quae
888 1953 988 2009 sibi
1010 1955 1258 2011 barbarus

343 2023 531 2078 Tortor
555 2029 757 2093 pararet
777 2044 791 2088 ;
826 2043 932 2078 non
954 2026 1104 2080 aliter
1125 2031 1301 2081 tamen

410 2093 643 2148 Dimovit
669 2093 934 2149 obstantes
960 2096 1273 2167 propinquos

477 2164 550 2219 Et
576 2164 824 2245 populum
846 2165 1044 2220 reditus
1072 2171 1373 2232 morantem,

340 2233 507 2302 Quam
532 2234 578 2289 si
603 2235 1025 2315 clientum-longa
1047 2237 1257 2307 negotia

338 2303 646 2430 Dfflgssffi
661 2305 1246 2448 Ῑὲῗὲἆέἒέἓὲἓέἓῗᾎὲωε

483 2449 595 2501 Aut
620 2445 1065 2501 Lacedaemonium
1090 2449 1388 2504 Tarentum.

1655 618 1725 672 30

1654 2028 1722 2082 50
