2031 2952
964 121 1255 170 HORATII

654 389 969 445 CARMEN
1010 390 1257 445 VL—An
1295 406 1574 445 Romanos,

458 512 705 568 Dssmcn
727 515 975 584 majorum
1002 513 1289 568 immeritus
1316 513 1445 578 lues,

456 582 707 650 Romane,
736 584 902 641 donec
927 584 1121 655 templa
1144 584 1384 639 refeceris

525 653 683 709 AEdes
722 673 788 711 ue
813 655 1044 711 labentes
1070 655 1300 710 Deorum
1327 660 1381 709 et

596 725 688 780 Foe
725 744 755 781 a
778 726 925 796 nigro
951 724 1223 781 simulacra
1245 725 1403 780 fumo.

454 794 554 851 Dis
577 800 632 850 te
657 796 903 851 minorem
931 797 1069 878 quod
1094 797 1247 867 geris,
1273 797 1523 862 imperas:

456 867 597 921 Hinc
622 884 771 921 omne
797 868 1123 939 principium,
1153 867 1254 922 buc
1277 867 1414 924 refer
1438 867 1653 923 exitum.

525 937 598 991 Di
623 937 786 992 multa
808 939 1031 1009 neglecti
1055 937 1307 993 dederunt

489 1074 494 1080 ,
594 1009 865 1078 Hesperiae
891 1009 1023 1064 mala
1045 1008 1311 1064 luctuosae.

453 1079 488 1133 J
490 1098 571 1133 am
595 1078 674 1134 bis
699 1080 959 1135 Monaeses
984 1084 1039 1135 et
1062 1079 1246 1135 Pacori
1272 1098 1452 1135 manus

455 1150 581 1205 Non
605 1150 897 1223 auspicatos
922 1150 1160 1206 contudit
1185 1150 1251 1204 im
1293 1155 1408 1205 etus

417 1242 423 1246 ’
526 1221 752 1276 Nostros
777 1226 831 1276 et
855 1221 1104 1293 adjecisse
1130 1240 1234 1293 prae
1270 1239 1354 1275 am

593 1291 885 1363 Torquibus
909 1292 1112 1363 exiguis
1136 1291 1356 1346 renidet.

454 1362 610 1417 Paene
636 1368 937 1433 occupatam
963 1362 1304 1417 seditionibus

457 1432 666 1489 Delevit
689 1432 868 1491 urbem
894 1434 1071 1489 Dacus
1096 1438 1150 1489 et
1173 1432 1416 1505 AEthiops
1441 1452 1455 1498 ;

527 1505 633 1560 Hic
657 1505 819 1560 classe
845 1505 1167 1570 formidatuS,
1194 1505 1280 1560 ille

597 1574 887 1631 Missilibus
911 1575 1094 1630 melior
1117 1575 1338 1647 sagittis,

455 1646 701 1701 Fecunda
724 1646 891 1718 culpae
915 1646 1089 1701 secula
1110 1647 1320 1716 nuptias

459 1717 687 1771 Primum
713 1717 1045 1788 inquinavere
1071 1723 1124 1772 et
1148 1736 1315 1789 genus
1339 1722 1393 1774 et
1420 1716 1628 1782 domos;

527 1787 647 1842 Hoc
672 1787 818 1843 fonte
843 1786 1073 1843 derivata
1097 1787 1266 1843 clades

597 1858 667 1912 In
726 1858 905 1913 atriam
931 1858 1281 1930 populumque
1305 1857 1472 1913 fluxit.

457 1928 642 1985 Motus
703 1930 841 1985 oceri
864 1929 1060 2002 gaudet
1087 1930 1293 1984 Ionicos

458 2001 673 2056 Matura
695 2000 844 2071 virgo
868 2008 922 2055 et
946 2001 1164 2072 fingitur
1188 1999 1403 2056 artibus,

528 2073 562 2126 J
566 2091 645 2126 am
671 2089 809 2127 nune
833 2077 886 2126 et
912 2071 1140 2127 incestos
1164 2089 1363 2126 amores

599 2143 683 2197 De
708 2149 888 2198 tenero
911 2143 1195 2198 meditatur
1216 2142 1409 2213 ungui:

459 2214 591 2269 Mox
610 2214 841 2287 juniores
867 2214 1052 2285 quaerit
1076 2213 1336 2268 adulteros

457 2286 609 2340 Inter
631 2285 803 2340 mariti
827 2285 946 2339 vina
968 2303 1135 2365 neque
1160 2284 1321 2354 eligit,

531 2355 632 2410 Cui
656 2355 813 2410 donet
837 2355 1159 2424 impermissa
1181 2355 1369 2426 raptim
1434 2374 1462 2393 -·

601 2425 803 2480 Gaudia
826 2425 1105 2480 luminibus
1128 2425 1356 2479 remotis,

463 2495 564 2550 Sed
584 2496 732 2564 jussa
755 2514 922 2550 coram
950 2515 1054 2550 non
1080 2496 1189 2550 sine
1214 2495 1420 2551 conscio

462 2566 643 2636 Surgit
667 2566 867 2632 maritO,
895 2584 988 2621 seu
1010 2570 1164 2621 vocat
1188 2566 1397 2621 institor

534 2635 640 2690 Seu
663 2636 808 2690 navis
833 2637 1084 2708 Hispanae
1106 2637 1368 2706 magister,

602 2705 926 2761 Dedecorum
953 2707 1212 2778 pretiosus
1237 2716 1455 2778 emptor.

1855 1149 1931 1205 10
