2031 2952
982 0 1084 23 V‘*‘'
1112 0 1472 8 -—-——-—--—--..-

587 164 1078 214 EPISTULARUM
1111 166 1155 216 Ι.
1189 165 1237 226 5,
1270 170 1320 219 6.
1651 170 1750 221 197

160 279 217 335 Si
238 280 404 335 virtus
425 262 527 336 lioc
549 298 654 336 una
675 283 849 352 potest
873 279 1008 347 dare,
1037 283 1189 339 fortis
1213 283 1417 340 omissis
1679 284 1748 339 30

159 350 280 407 Hoc
303 370 399 424 age
425 350 635 406 deliciis.
707 352 975 407 Virtutem
998 353 1158 409 verba
1180 358 1333 427 putas
1358 360 1412 410 et

157 421 360 477 Lucum
385 422 551 493 ligna:
589 441 713 479 cave
738 441 802 478 ne
826 430 1008 493 portus
1035 432 1253 497 occupet
1278 425 1424 492 alter,

158 493 239 547 Ne
265 492 571 564 Cibyratica,
599 512 662 548 ne
686 493 915 566 Bithyna
938 496 1150 577 negotia
1175 496 1388 567 perdas;

158 562 305 617 Mille
330 564 525 619 talenta
548 563 909 631 rotundentur,
935 566 1156 621 totidem
1180 566 1355 631 altera,
1382 584 1537 638 porro
1562 568 1617 622 et

159 632 335 688 Tertia
358 634 634 689 succedant
659 640 713 690 et
737 640 853 707 'quae
878 655 994 707 pars
1023 635 1238 709 quadrat
1265 655 1536 693 acervum:

160 703 368 759 Scilicet
391 723 605 759 uxorem
629 725 747 761 cum
772 706 895 762 dote
919 707 1171 779 fidemque
1197 712 1251 763 et
1275 709 1466 764 amicos

113 822 124 831 .
160 774 232 830 Et
324 794 418 830 nus
443 780 497 831 et
522 777 735 831 formam
759 777 936 848 regina
957 778 1177 850 pecunia
1200 777 1373 844 donat,

159 846 240 901 Ac
256 793 393 902 {gne
419 852 737 905 nummatum
763 846 968 903 decorat
997 848 1218 904 Suadela
1239 849 1542 921 Venusque.

160 916 439 989 Mancipiis
464 918 689 989 locuples
715 937 744 974 e
810 923 834 973 t
858 919 970 975 aeris
997 919 1357 991 Cappadocum
1382 938 1507 974 rex:

162 987 249 1043 Ne
273 988 431 1045 fueris
455 989 539 1044 hic
562 1000 640 1045 tu.
715 990 758 1045 C
817 990 1024 1061 amydes
1048 989 1320 1056 Lucullus,
1346 995 1407 1046 ut
1430 991 1591 1054 aiunt,
1681 989 1749 1041 40

164 1057 221 1112 Si
245 1065 420 1129 posset
444 1065 647 1116 centum
674 1078 840 1136 scenae
865 1061 1091 1132 praebere
1116 1069 1343 1132 rogatus,
1527 1058 1751 1131 [habebo

165 1129 319 1199 “Qui
343 1149 550 1200 possum
580 1134 661 1186 tot
680 1131 745 1186 P’'
784 1131 889 1198 ait;
930 1136 1156 1186 “tamen
1188 1139 1240 1186 et
1274 1149 1495 1202 quaeram
1531 1142 1584 1184 et
1624 1134 1750 1200 quot

163 1198 378 1254 Mittam
396 1202 451 1255 :'’
490 1206 609 1272 post
632 1201 804 1273 paullo
829 1201 1006 1257 scribit
1032 1202 1128 1258 sibi
1155 1202 1310 1256 millia
1333 1202 1557 1273 quinque

163 1268 295 1325 Esse
320 1270 457 1326 domi
480 1272 804 1343 chlamydum
818 1296 833 1339 3
872 1279 1072 1344 partem
1096 1273 1175 1328 vel
1202 1273 1404 1327 tolleret
1429 1289 1623 1326 omnes,

164 1340 328 1396 Exilis
353 1340 535 1397 domus
559 1349 656 1408 est,
683 1342 772 1398 ubi
795 1362 898 1397 non
921 1350 976 1398 et
1000 1345 1164 1399 multa
1187 1350 1464 1415 supersunt

163 1410 237 1466 Et
261 1410 523 1467 dominum
546 1413 731 1468 fallunt
755 1418 808 1468 et
833 1421 1052 1487 prosunt
1078 1414 1292 1469 furibus·
1366 1413 1523 1485 ErgO,

168 1483 224 1537 Si
247 1502 329 1539 res
354 1484 464 1540 sola
488 1489 659 1555 potest
685 1485 849 1541 facere
874 1489 927 1540 et
952 1505 1156 1541 servare
1181 1486 1406 1552 beatum,

164 1554 287 1610 Hoc
310 1556 505 1626 primus
530 1560 731 1626 repetas
756 1575 903 1626 opuS,
930 1556 1027 1611 hoc
1052 1562 1341 1627 postremus
1365 1555 1591 1611 omittas,

154 1622 224 1680 'Si
248 1625 565 1681 fortunatum
590 1626 785 1697 speeies
809 1632 862 1682 et
889 1628 1056 1696 gratia
1078 1632 1307 1699 praestat,

165 1695 460 1751 Mereemur
484 1715 703 1763 servum,
731 1699 816 1768 qui
842 1698 1002 1752 dictet
1028 1699 1247 1764 nomina,
1273 1697 1461 1751 laevum
1683 1696 1753 1749 50

165 1766 272 1835 Qui
294 1767 485 1822 fodicet
508 1766 662 1834 latuS,
688 1775 742 1822 et
768 1775 920 1838 cogat
945 1776 1089 1823 trans
1113 1768 1339 1838 pondera
1363 1767 1595 1821 dextram

165 1837 314 1891 Porri
352 1856 452 1892 ere.
531 1842 562 1864 “
578 1838 683 1892 Hic
708 1838 923 1892 multum
949 1839 1003 1892 in
1028 1839 1187 1893 Fabia
1213 1839 1362 1903 valet,
1388 1837 1474 1892 ille
1498 1836 1685 1890 Velina
1700 1856 1717 1902 3

168 1908 271 1963 Cui
292 1908 330 1962 h
395 1915 418 1962 t
442 1907 527 1964 hic
553 1908 715 1963 fasces
742 1908 882 1963 dabit
908 1909 1187 1980 eripietque
1213 1910 1390 1962 curule

168 1978 269 2033 Cui
291 1978 431 2034 volet
455 1979 777 2049 importunus
803 1979 983 2034 ebur.”
1055 1979 1249 2041 Frater,
1279 1979 1448 2042 Pater,
1475 1974 1640 2042 adde;

167 2049 247 2104 Ut
271 2049 456 2121 cu'igue
480 2055 561 2103 est
586 2055 725 2115 aetaS,
751 2050 827 2104 ita
850 2068 1103 2120 quemque
1128 2049 1326 2103 facetus
1350 2047 1555 2117 adopta.

171 2119 243 2184 Si,
270 2120 400 2175 bene
425 2119 514 2190 qui
538 2128 720 2184 eoenat,
748 2119 876 2174 bene
902 2119 1046 2184 vivit,
1074 2118 1228 2182 lucet,
1255 2136 1431 2171 eamus

169 2190 285 2255 Quo
310 2189 453 2245 ducit
476 2190 598 2262 gula
616 2210 632 2255 3
667 2191 938 2261 piscemur,
967 2208 1226 2255 venemur,
1254 2193 1313 2242 ut
1338 2187 1462 2242 olim

170 2260 443 2331 Gargilius,
470 2262 557 2331 qui
582 2279 728 2314 mane
753 2260 947 2331 plagas,
974 2259 1242 2323 venabula,
1269 2277 1444 2313 servos

168 2329 450 2385 Differtum
473 2332 692 2386 transire
717 2330 881 2385 forum
906 2330 1256 2401 populumque
1273 2328 1508 2399 jubebat,

170 2400 324 2455 Unus
348 2405 407 2454 ut
432 2420 460 2455 e
484 2402 661 2457 multis
685 2400 874 2472 populo
900 2420 923 2455 s
962 2406 1167 2456 ectante
1193 2402 1407 2454 referret
1688 2397 1756 2453 60

169 2470 419 2542 Emptum
442 2472 610 2525 mulus
636 2490 666 2525 a
702 2491 830 2526 rum.
955 2471 1069 2526 rudi
1092 2470 1376 2541 tumidique
1401 2468 1642 2535 lavemur,

172 2541 312 2610 Quid
336 2540 529 2606 deceat,
557 2542 646 2612 qui
705 2560 822 2608 non,
849 2540 1011 2607 obliti,
1042 2542 1227 2597 Caerite
1253 2560 1371 2596 cera

170 2611 348 2692 Digni,
376 2612 644 2681 remigium
667 2611 907 2667 vitiosum
933 2612 1223 2666 Ithacensis
1249 2611 1440 2679 Ulixei,

173 2682 274 2737 Cui
298 2682 466 2752 potior
490 2682 656 2754 patria
679 2682 777 2736 fuit
801 2682 1078 2737 interdicta
1101 2682 1354 2754 voluptas

173 2752 246 2820 Si,
272 2752 615 2809 Mimnermus
637 2752 718 2806 uti
741 2759 933 2821 censet,
960 2754 1070 2808 sine
1095 2772 1266 2809 amore
1285 2752 1522 2826 jocisque
