2031 2952
894 150 897 151 ⁷
947 131 1242 180 HORATII

516 247 642 302 Cum
667 245 810 311 flore,
835 245 1113 312 Maecenas,
1138 265 1389 314 rosarum,
1414 250 1467 303 et

583 318 772 372 Pressa
793 317 899 371 tuis
924 316 1137 373 balanus
1163 317 1361 386 capillis
1436 342 1441 347 ·

443 390 479 443 J
481 386 756 442 amdudum
781 388 920 460 apud
943 406 1024 442 me
1049 394 1146 443 est.
1220 388 1378 457 Eripe
1401 392 1457 444 te
1482 405 1670 456 ωσι-ως

445 460 526 514 Ne
550 477 753 525 semper
776 458 934 513 udum
960 458 1123 514 Tibur
1145 463 1199 514 et
1224 459 1424 514 AEsulae

515 528 729 584 Declive
753 528 1117 599 contempleris
1143 548 1321 584 arvum
1347 535 1401 585 et

585 599 835 670 Telegoni
852 600 981 671 juga
1005 599 1288 671 parricidae.

445 669 786 727 Fastidiosam
812 669 991 726 desere
1017 671 1216 743 copiam
1241 675 1296 725 et

446 741 641 798 Molem
665 740 1004 812 propinquam
1028 742 1253 798 nubibus
1277 740 1451 796 arduis
1471 761 1487 806 ;

515 810 716 867 Omitte
740 811 914 866 mirari
936 810 1104 867 beatae

586 881 809 936 Fumum
834 889 888 937 et
910 900 1036 953 opes
1061 881 1439 954 strepitumque
1463 863 1660 938 Romoe.

447 953 758 1024 Plerumque
780 958 944 1024 gratae
968 952 1217 1008 divitibus
1242 954 1382 1009 vices

448 1021 769 1094 Mundaeque
791 1041 950 1095 parvo
976 1022 1074 1078 sub
1098 1023 1205 1078 lare
1227 1042 1512 1096 pauperum

520 1093 692 1148 Coenae
716 1093 827 1148 sine
851 1093 1027 1148 aulaeis
1053 1099 1106 1148 et
1131 1099 1276 1149 ostro

592 1163 872 1220 Sollicitam
898 1164 1195 1235 explicuere
1221 1165 1460 1220 frontem.

447 1236 483 1291 J
485 1254 566 1291 am
589 1234 759 1290 clarus
781 1234 1047 1291 occultum
1072 1234 1412 1292 Andromedae
1436 1239 1586 1308 pater
1629 1264 1634 1271 ·

449 1305 693 1363 Ostendit
715 1305 904 1376 ignem,
922 1305 1031 1377 jam
1056 1307 1295 1378 Procyon
1318 1306 1445 1361 furit

518 1377 591 1433 Et
618 1375 769 1431 stella
792 1376 970 1432 vesani
992 1376 1206 1443 Leonis,

592 1447 711 1503 Sole
737 1446 846 1503 dies
868 1447 1126 1503 referente
1150 1447 1344 1505 siccos:

360 1551 364 1556 -
450 1520 482 1574 J
488 1538 565 1574 am
592 1525 771 1591 pastor
792 1518 1000 1574 umbras
1025 1537 1141 1574 cum
1166 1538 1323 1590 grege
1345 1516 1591 1601 languido

450 1591 746 1660 Rivumque
771 1590 938 1645 fessus
963 1589 1151 1661 quaerit
1175 1596 1229 1645 et
1251 1589 1451 1646 horridi

520 1660 753 1717 Dumeta
777 1660 1005 1727 Silvani3
1044 1667 1287 1732 caretque

591 1731 731 1802 Ripa
753 1732 898 1802 vagis
922 1731 1183 1787 taciturna
1204 1730 1390 1787 ventis.

454 1801 552 1868 Tu,
578 1801 841 1857 civitatem
865 1801 979 1873 quis
1004 1801 1184 1857 deceat
1210 1807 1397 1869 status,

452 1872 634 1938 Curae,
660 1877 715 1927 et
737 1871 873 1928 Urbi
896 1872 1148 1929 sollicitus
1171 1872 1339 1938 timeS,

522 1941 664 2013 Quid
688 1943 840 1999 Seres
863 1948 917 1998 et
941 1949 1159 2014 regnata
1182 1944 1319 2015 Cyro

591 2013 786 2069 Bactra
810 2019 992 2085 parent
1015 2014 1305 2085 Tanaisque
1331 2012 1544 2069 discors.

455 2084 692 2139 Prudens
716 2084 882 2140 futuri
906 2084 1157 2155 temporis
1180 2084 1377 2139 exitum

457 2154 754 2227 Caliginosa
775 2163 928 2211 nocte
953 2155 1142 2229 premit
1165 2154 1329 2222 Deu5‚

524 2225 803 2297 Ridetque,
831 2227 878 2281 si
900 2226 1132 2281 mortalis
1155 2225 1292 2281 ultra

596 2296 697 2351 Fas
714 2296 957 2369 trepidat.
1027 2297 1181 2367 Quod
1205 2297 1353 2353 adest
1379 2301 1634 2353 memento

458 2367 771 2439 Componere
794 2386 1004 2439 aequus:
1045 2373 1219 2424 cetera
1240 2368 1467 2423 fluminis

458 2435 590 2493 Ritu
613 2437 865 2504 feruntur,
890 2457 1030 2493 nunc
1056 2438 1223 2493 medio
1247 2457 1453 2511 aequore

531 2508 655 2561 Cum
683 2527 809 2580 pace
834 2508 1119 2564 delabentis
1146 2510 1428 2566 Etruscum

601 2577 669 2631 In
693 2597 847 2644 mare,
872 2598 1013 2634 nunc
1037 2579 1235 2649 lapides
1258 2580 1440 2635 adesos

464 2646 767 2719 Stirpesque
792 2657 966 2720 raptas
991 2664 1044 2704 et
1068 2668 1228 2730 pecus
1253 2657 1308 2704 et
1333 2649 1512 2705 domos

468 2717 735 2772 Volventis
762 2737 880 2785 una,
907 2738 1011 2773 non
1037 2738 1148 2774 Sine
1173 2719 1423 2774 montium

1723 739 1902 794 ,10

1836 1445 1908 1499 20

1819 2155 1920 2210 ⁷30
