2031 2952
549 158 928 209 CARMINUM
962 159 1037 207 11.
1072 161 1284 208 10—12.

336 272 387 329 Ν
390 291 459 329 on
481 291 684 346 semper
706 271 837 327 idem
862 272 1075 328 floribus
1099 276 1179 327 est
1201 272 1365 328 honor

342 343 523 399 Vernis
548 363 713 415 neque
737 362 842 398 uno
866 343 1021 398 Luna
1043 343 1233 398 rubens
1256 345 1389 399 nitet

404 414 590 470 Vultu.
664 413 804 474 Quid
831 414 1038 469 aeternis
1060 413 1309 469 minorem

476 484 721 541 Consiliis
745 485 971 539 animum
993 484 1220 555 fatigas?

332 557 441 612 Cur
464 575 571 612 non
595 555 693 611 sub
717 555 821 609 alta
843 553 930 610 vel
952 553 1159 625 platano
1181 553 1266 609 vel
1287 553 1383 609 hac

336 627 474 682 Pinu
489 626 724 698 jacentes
749 625 822 680 sic
845 631 1038 680 temere
1061 630 1117 681 et
1140 642 1260 680 rosa

403 697 575 752 Canos
599 695 799 752 odorati
813 706 832 730 ⁶
857 694 1084 767 capillOS,

470 767 612 822 Dum
636 766 773 832 licet,
799 765 1116 847 Assyriaque
1139 765 1301 822 nardo

337 836 583 892 Petamus
608 837 792 893 uncti?
853 836 1087 908 Dissipat
1112 837 1279 892 Euius

335 906 499 962 Cures
524 907 722 964 edaces.
795 907 925 976 Quis
949 926 1079 978 puer
1102 908 1248 963 ocius

405 978 723 1049 Restinguet
748 978 974 1033 ardentis
999 977 1207 1032 Falerni

474 1048 671 1104 Pocula
694 1053 1036 1118 praetcreunte
1058 1042 1305 1127 lympha?

335 1117 466 1188 Quis
492 1117 697 1174 devium
721 1123 949 1174 scortum
975 1118 1144 1173 eliciet
1169 1118 1321 1172 domo

335 1188 556 1261 Lyden?
615 1189 844 1255 liburna,
869 1189 952 1243 dic
976 1206 1088 1260 age,
1117 1206 1236 1243 cum
1260 1188 1370 1260 lyra

406 1260 643 1315 Maturet
667 1260 722 1314 in
746 1263 1011 1330 comptum
1037 1258 1268 1313 Lacaenae

475 1330 627 1385 More
652 1348 823 1385 comas
849 1329 1065 1401 religata
1087 1328 1295 1384 nodum.

396 1528 710 1588 CABMEN
747 1531 1027 1588 XIL-An
1063 1547 1440 1587 monuwa.
1527 1499 1532 1506 .

267 1636 448 1697 Nous
470 1639 623 1712 longa
647 1638 767 1696 ferae
793 1639 926 1696 bella
950 1639 1250 1696 Numantiae

266 1709 385 1767 Nec
408 1709 575 1765 dirum
599 1710 944 1767 Hannibalem
967 1729 1064 1766 nec
1092 1711 1323 1767 Siculum
1346 1727 1484 1766 mare

269 1780 435 1837 Poeno
459 1799 774 1853 purpureum
800 1782 1051 1853 sanguine
1077 1781 1317 1837 mollibus

409 1851 597 1922 Aptari
620 1851 828 1907 citharae
852 1852 1035 1918 modiS,

271 1920 390 1978 Nec
413 1940 577 1977 soevos
600 1922 851 1994 Lapithas
876 1930 929 1977 et
954 1922 1171 1977 nimium
1193 1940 1334 1977 mero

266 1991 514 2064 Hylaeum
538 1991 866 2064 domitosque
890 1992 1154 2048 Herculea
1175 2011 1328 2048 manu

267 2062 491 2137 Telluris
509 2062 745 2134 juvenes,
772 2063 910 2118 unde
933 2063 1220 2145 periculum

410 2132 639 2204 Fulgens
664 2138 977 2189 contremult
1003 2132 1186 2187 domus

270 2203 485 2259 Saturni
507 2204 731 2271 veteris3
767 2209 931 2275 tuque
957 2202 1283 2274 pedestribus

268 2274 432 2329 Dices
456 2272 680 2329 historiis
706 2274 884 2346 proelia
906 2274 1147 2340 Caesaris,

270 2344 548 2410 Maecenas,
575 2345 756 2400 melius
782 2344 1040 2416 ductaque
1064 2362 1158 2415 per
1179 2342 1290 2398 vias

417 2415 623 2485 Regum
649 2415 782 2470 colla
804 2415 1094 2470 minacium.

269 2485 367 2542 Me
391 2484 569 2540 dulces
594 2484 812 2540 dominae
836 2485 994 2540 Musa
1019 2483 1297 2557 Licymniae

273 2556 492 2620 CantuS,
518 2574 600 2610 me
624 2556 787 2610 voluit
812 2555 982 2611 dicere
1005 2555 1235 2611 lucidum

273 2625 560 2697 Fulgentes
585 2626 763 2681 oculos
788 2630 841 2681 et
865 2625 995 2681 bene
1021 2626 1216 2680 mutuis

414 2694 604 2751 Fidum
626 2700 810 2767 pectus
834 2696 1124 2763 amoribus3

826 2812 842 2830 ·
868 2802 1049 2843 odorata

1642 162 1708 211 41

1642 343 1823 429 10,

1643 1047 1715 1103 20

1651 2272 1722 2328 10
