2031 2952
532 441 602 508 Q„
645 438 996 502 ΗΟΒΑΤΠ
1049 444 1336 504 FLAOOI

232 615 328 701 G
386 618 522 699 A
581 620 704 701 R
764 620 909 702 M
973 622 1043 703 I
1104 623 1230 702 N
1293 621 1424 704 U
1475 619 1630 704 >M

610 812 842 877 LIBER,
889 814 1255 885 QUARTUS.

781 962 1075 991 -μ-

499 1062 813 1119 CARMEN
851 1064 1050 1120 I.—A.D
1086 1081 1374 1122 vunnu.

280 1158 637 1226 InmmssA,
666 1162 860 1228 VenUS,
887 1160 977 1216 diu

353 1229 559 1286 Rursus
582 1230 718 1286 bella
739 1233 956 1288 moves?
1014 1233 1195 1301 Parce,
1220 1251 1419 1306 precor,
1443 1249 1652 1305 precor:

282 1301 408 1357 Non
433 1320 547 1356 sum
575 1301 738 1372 qualis
762 1320 902 1357 eram
925 1302 1074 1359 bonae

352 1370 461 1426 Sub
486 1390 646 1443 regno
672 1371 887 1428 Cinarae.
960 1373 1173 1440 Desine,
1201 1371 1427 1430 dulcium

284 1441 461 1498 Mater
485 1461 627 1498 saeva
650 1444 730 1499 Cu
767 1442 977 1510 idinum,

350 1513 501 1569 Circa
521 1513 691 1568 lustra
748 1533 888 1569 ecem
914 1514 1123 1570 flectere
1146 1514 1387 1572 mollibus

279 1583 397 1638 Jam
423 1582 606 1639 durum
630 1584 887 1655 imperiis:
925 1585 1025 1652 abi,

353 1654 472 1723 Quo
496 1650 698 1736 bl'andffi
715 1656 962 1726 juvenum
987 1661 1042 1712 te
1064 1660 1310 1714 revocant
1332 1674 1529 1731 preces-

160 1758 165 1762 ·
281 1725 658 1796 Tempestivius
683 1744 738 1780 m
761 1726 970 1781 domum
985 1737 1007 1760 ⁸

346 1795 516 1850 Paulli
540 1814 611 1867 pu
675 1796 811 1851 ureis
837 1796 943 1853 ales
968 1797 1196 1855 oloribus

278 1865 631 1921 comissabere
721 1867 890 1934 aximi,
1031 1887 1038 1891 ·

347 1936 406 1991 Si
427 1939 623 1991 torrere
642 1937 792 2009 jecur
815 1937 1000 2009 quaeris
1025 1938 1294 1996 idoneum:

125 2026 134 2037 ·
196 2034 202 2039 ·
274 2005 516 2079 Namque
541 2012 595 2062 et
619 2007 803 2063 nobilis
827 2013 881 2063 et
906 2007 1096 2064 decens

343 2077 416 2132 Et
440 2096 533 2148 pro
558 2077 789 2134 sollicitis
813 2097 919 2133 non
941 2080 1146 2152 tacitus
1156 2079 1260 2135 reis

248 2201 254 2206 .
276 2148 347 2204 Et
372 2151 580 2213 centum
603 2167 732 2218 puer
755 2149 942 2203 artium
993 2153 1001 2158 ’

347 2218 482 2274 Late
506 2219 654 2291 signa
675 2219 810 2274 feret
833 2218 1026 2274 militiae
1049 2221 1171 2275 tuae.
1289 2271 1293 2275 .

277 2288 365 2354 Et,
392 2288 699 2360 quandoque
790 2289 982 2344 tentior

350 2358 512 2430 Largi
534 2377 735 2414 muneri
768 2378 832 2415 us
854 2359 1028 2415 riserit
1052 2359 1238 2427 aemuli,

278 2428 507 2484 Albanos
530 2448 691 2502 prope
714 2435 771 2485 te·
791 2430 933 2486 lacus

348 2499 518 2554 Ponet
543 2518 876 2556 marmoream
901 2500 998 2557 sub
1023 2501 1170 2558 trabe
1194 2502 1372 2558 citrea.

275 2568 394 2625 Ilh‘c
417 2569 638 2642 plurima
658 2572 866 2627 naribus

347 2640 524 2696 Duces
548 2641 719 2708 thura,
744 2642 966 2715 lyraeque
991 2647 1045 2700 et
1068 2643 1429 2717 Berecynthiae

842 2748 857 2766 ⁸
884 2740 1011 2778 domo

1660 1798 1732 1856 10

1659 2500 1731 2558 20
