<?xml version="1.0" encoding="UTF-8"?>
<!DOCTYPE html PUBLIC "-//W3C//DTD XHTML 1.0 Transitional//EN"
    "http://www.w3.org/TR/xhtml1/DTD/xhtml1-transitional.dtd">
<html xmlns="http://www.w3.org/1999/xhtml" xml:lang="en" lang="en">
 <head>
  <title>
</title>
<meta http-equiv="Content-Type" content="text/html;charset=utf-8" />
  <meta name='ocr-system' content='tesseract 3.04.00' />
  <meta name='ocr-capabilities' content='ocr_page ocr_carea ocr_par ocr_line ocrx_word'/>
</head>
<body>
  <div class='ocr_page' id='page_1' title='image "./qhoratiiflaccio09horagoog_0054.png"; bbox 0 0 2031 2952; ppageno 0'>
   <div class='ocr_carea' id='block_1_1' title="bbox 329 137 397 185">
    <p class='ocr_par' dir='ltr' id='par_1_1' title="bbox 329 137 397 185">
     <span class='ocr_line' id='line_1_1' title="bbox 329 137 397 185; baseline 0.029 -2"><span class='ocrx_word' id='word_1_1' title='bbox 329 137 397 185; x_wconf 88' lang='grc'>36</span> 
     </span>
    </p>
   </div>
   <div class='ocr_carea' id='block_1_2' title="bbox 975 135 1270 184">
    <p class='ocr_par' dir='ltr' id='par_1_2' title="bbox 975 135 1270 184">
     <span class='ocr_line' id='line_1_2' title="bbox 975 135 1270 184; baseline 0.003 -1"><span class='ocrx_word' id='word_1_2' title='bbox 975 135 1270 184; x_wconf 83' lang='lat' dir='ltr'><strong>HORATII</strong></span> 
     </span>
    </p>
   </div>
   <div class='ocr_carea' id='block_1_3' title="bbox 518 293 1730 373">
    <p class='ocr_par' dir='ltr' id='par_1_3' title="bbox 518 293 1730 373">
     <span class='ocr_line' id='line_1_3' title="bbox 518 293 1730 373; baseline 0.004 -18"><span class='ocrx_word' id='word_1_3' title='bbox 518 293 831 356; x_wconf 84' lang='lat' dir='ltr'>CARMEN</span> <span class='ocrx_word' id='word_1_4' title='bbox 866 301 1102 355; x_wconf 70' lang='lat' dir='ltr'>V.—An·</span> <span class='ocrx_word' id='word_1_5' title='bbox 1121 316 1433 357; x_wconf 65' lang='lat' dir='ltr'>Ammonem</span> <span class='ocrx_word' id='word_1_6' title='bbox 1467 319 1730 373; x_wconf 40' lang='lat' dir='ltr'>LALAGEsq</span> 
     </span>
    </p>
   </div>
   <div class='ocr_carea' id='block_1_4' title="bbox 469 412 1490 695">
    <p class='ocr_par' dir='ltr' id='par_1_4' title="bbox 469 412 1490 695">
     <span class='ocr_line' id='line_1_4' title="bbox 469 412 1490 486; baseline 0.001 -17"><span class='ocrx_word' id='word_1_7' title='bbox 469 413 727 470; x_wconf 73' lang='lat' dir='ltr'>Nomnm</span> <span class='ocrx_word' id='word_1_8' title='bbox 753 413 968 469; x_wconf 83' lang='lat' dir='ltr'>subacta</span> <span class='ocrx_word' id='word_1_9' title='bbox 989 412 1125 468; x_wconf 86' lang='lat' dir='ltr'>ferre</span> <span class='ocrx_word' id='word_1_10' title='bbox 1143 414 1330 486; x_wconf 84' lang='lat' dir='ltr'>jugum</span> <span class='ocrx_word' id='word_1_11' title='bbox 1352 414 1490 470; x_wconf 81' lang='lat' dir='ltr'>valet</span> 
     </span>
     <span class='ocr_line' id='line_1_5' title="bbox 472 483 1429 556; baseline 0 -16"><span class='ocrx_word' id='word_1_12' title='bbox 472 484 701 554; x_wconf 88' lang='lat' dir='ltr'>Cervice,</span> <span class='ocrx_word' id='word_1_13' title='bbox 727 483 950 539; x_wconf 91' lang='lat' dir='ltr'>nondum</span> <span class='ocrx_word' id='word_1_14' title='bbox 977 485 1154 539; x_wconf 84' lang='lat' dir='ltr'>munia</span> <span class='ocrx_word' id='word_1_15' title='bbox 1177 485 1429 556; x_wconf 83' lang='lat' dir='ltr'>comparis</span> 
     </span>
     <span class='ocr_line' id='line_1_6' title="bbox 541 554 1291 621; baseline -0.001 -11"><span class='ocrx_word' id='word_1_16' title='bbox 541 554 610 610; x_wconf 86' lang='lat' dir='ltr'>AE</span> <span class='ocrx_word' id='word_1_17' title='bbox 646 572 786 621; x_wconf 84' lang='lat' dir='ltr'>nare,</span> <span class='ocrx_word' id='word_1_18' title='bbox 812 573 908 611; x_wconf 92' lang='lat' dir='ltr'>nec</span> <span class='ocrx_word' id='word_1_19' title='bbox 931 554 1069 609; x_wconf 84' lang='lat' dir='ltr'>tauri</span> <span class='ocrx_word' id='word_1_20' title='bbox 1093 555 1291 610; x_wconf 81' lang='lat' dir='ltr'>ruentis</span> 
     </span>
     <span class='ocr_line' id='line_1_7' title="bbox 608 575 1437 695; baseline 0 -15"><span class='ocrx_word' id='word_1_21' title='bbox 608 575 677 680; x_wconf 55' lang='lat' dir='ltr'>iln</span> <span class='ocrx_word' id='word_1_22' title='bbox 698 626 954 680; x_wconf 83' lang='lat' dir='ltr'>Venerem</span> <span class='ocrx_word' id='word_1_23' title='bbox 979 625 1196 683; x_wconf 81' lang='lat' dir='ltr'>tolerare</span> <span class='ocrx_word' id='word_1_24' title='bbox 1221 625 1437 695; x_wconf 88' lang='lat' dir='ltr'>pondus.</span> 
     </span>
    </p>
   </div>
   <div class='ocr_carea' id='block_1_5' title="bbox 472 695 1333 752">
    <p class='ocr_par' dir='ltr' id='par_1_5' title="bbox 472 695 1333 752">
     <span class='ocr_line' id='line_1_8' title="bbox 472 695 1333 752; baseline 0.001 -2"><span class='ocrx_word' id='word_1_25' title='bbox 472 695 624 752; x_wconf 80' lang='lat' dir='ltr'>Circa</span> <span class='ocrx_word' id='word_1_26' title='bbox 645 695 872 751; x_wconf 81' lang='lat' dir='ltr'>virentes</span> <span class='ocrx_word' id='word_1_27' title='bbox 895 699 977 751; x_wconf 88' lang='lat' dir='ltr'>est</span> <span class='ocrx_word' id='word_1_28' title='bbox 1001 696 1203 751; x_wconf 87' lang='lat' dir='ltr'>animus</span> <span class='ocrx_word' id='word_1_29' title='bbox 1227 698 1333 751; x_wconf 85' lang='lat' dir='ltr'>tuae</span> 
     </span>
    </p>
   </div>
   <div class='ocr_carea' id='block_1_6' title="bbox 469 765 1542 2107">
    <p class='ocr_par' dir='ltr' id='par_1_6' title="bbox 469 765 1542 2107">
     <span class='ocr_line' id='line_1_9' title="bbox 471 765 1542 838; baseline 0.004 -17"><span class='ocrx_word' id='word_1_30' title='bbox 471 767 692 833; x_wconf 85' lang='lat' dir='ltr'>Campos</span> <span class='ocrx_word' id='word_1_31' title='bbox 709 766 958 837; x_wconf 71' lang='lat' dir='ltr'>juvencae,</span> <span class='ocrx_word' id='word_1_32' title='bbox 983 783 1121 821; x_wconf 87' lang='lat' dir='ltr'>nunc</span> <span class='ocrx_word' id='word_1_33' title='bbox 1143 765 1314 821; x_wconf 86' lang='lat' dir='ltr'>fluviis</span> <span class='ocrx_word' id='word_1_34' title='bbox 1336 786 1542 838; x_wconf 84' lang='lat' dir='ltr'>gravem</span> 
     </span>
     <span class='ocr_line' id='line_1_10' title="bbox 544 836 1359 902; baseline 0 -10"><span class='ocrx_word' id='word_1_35' title='bbox 544 836 767 892; x_wconf 84' lang='lat' dir='ltr'>Solantis</span> <span class='ocrx_word' id='word_1_36' title='bbox 789 839 988 902; x_wconf 83' lang='lat' dir='ltr'>aestum,</span> <span class='ocrx_word' id='word_1_37' title='bbox 1014 854 1153 892; x_wconf 89' lang='lat' dir='ltr'>nunc</span> <span class='ocrx_word' id='word_1_38' title='bbox 1177 837 1232 892; x_wconf 89' lang='lat' dir='ltr'>in</span> <span class='ocrx_word' id='word_1_39' title='bbox 1254 836 1359 892; x_wconf 88' lang='lat' dir='ltr'>udo</span> 
     </span>
     <span class='ocr_line' id='line_1_11' title="bbox 609 906 1364 962; baseline 0 0"><span class='ocrx_word' id='word_1_40' title='bbox 609 907 816 962; x_wconf 86' lang='lat' dir='ltr'>Ludere</span> <span class='ocrx_word' id='word_1_41' title='bbox 839 925 952 961; x_wconf 90' lang='lat' dir='ltr'>cum</span> <span class='ocrx_word' id='word_1_42' title='bbox 980 906 1157 962; x_wconf 83' lang='lat' dir='ltr'>vitulis</span> <span class='ocrx_word' id='word_1_43' title='bbox 1181 906 1364 962; x_wconf 82' lang='lat' dir='ltr'>salicto</span> 
     </span>
     <span class='ocr_line' id='line_1_12' title="bbox 473 975 1409 1049; baseline 0.001 -18"><span class='ocrx_word' id='word_1_44' title='bbox 473 977 875 1049; x_wconf 84' lang='lat' dir='ltr'>Praegestientis.</span> <span class='ocrx_word' id='word_1_45' title='bbox 947 975 1093 1031; x_wconf 87' lang='lat' dir='ltr'>Tolle</span> <span class='ocrx_word' id='word_1_46' title='bbox 1117 976 1409 1049; x_wconf 85' lang='lat' dir='ltr'>cupidinem</span> 
     </span>
     <span class='ocr_line' id='line_1_13' title="bbox 475 1046 1330 1121; baseline 0.004 -21"><span class='ocrx_word' id='word_1_47' title='bbox 475 1048 696 1121; x_wconf 78' lang='lat' dir='ltr'>Immitis</span> <span class='ocrx_word' id='word_1_48' title='bbox 718 1066 861 1103; x_wconf 85' lang='lat' dir='ltr'>uvae:</span> <span class='ocrx_word' id='word_1_49' title='bbox 895 1047 1002 1119; x_wconf 85' lang='lat' dir='ltr'>jam</span> <span class='ocrx_word' id='word_1_50' title='bbox 1027 1046 1125 1103; x_wconf 88' lang='lat' dir='ltr'>tibi</span> <span class='ocrx_word' id='word_1_51' title='bbox 1145 1047 1330 1103; x_wconf 88' lang='lat' dir='ltr'>lividos</span> 
     </span>
     <span class='ocr_line' id='line_1_14' title="bbox 538 1118 1419 1190; baseline 0.001 -17"><span class='ocrx_word' id='word_1_52' title='bbox 538 1118 842 1190; x_wconf 85' lang='lat' dir='ltr'>Distinguet</span> <span class='ocrx_word' id='word_1_53' title='bbox 867 1120 1165 1173; x_wconf 83' lang='lat' dir='ltr'>Autumnus</span> <span class='ocrx_word' id='word_1_54' title='bbox 1188 1135 1419 1175; x_wconf 82' lang='lat' dir='ltr'>racemos</span> 
     </span>
     <span class='ocr_line' id='line_1_15' title="bbox 613 1187 1286 1261; baseline 0 -18"><span class='ocrx_word' id='word_1_55' title='bbox 613 1190 880 1261; x_wconf 88' lang='lat' dir='ltr'>Purpureo</span> <span class='ocrx_word' id='word_1_56' title='bbox 903 1188 1076 1244; x_wconf 83' lang='lat' dir='ltr'>varius</span> <span class='ocrx_word' id='word_1_57' title='bbox 1100 1187 1286 1245; x_wconf 91' lang='lat' dir='ltr'>colore.</span> 
     </span>
     <span class='ocr_line' id='line_1_16' title="bbox 469 1258 1500 1315; baseline 0.001 -1"><span class='ocrx_word' id='word_1_58' title='bbox 469 1260 505 1314; x_wconf 87' lang='lat' dir='ltr'><strong>J</strong></span> <span class='ocrx_word' id='word_1_59' title='bbox 506 1278 584 1314; x_wconf 84' lang='lat' dir='ltr'>am</span> <span class='ocrx_word' id='word_1_60' title='bbox 610 1263 666 1315; x_wconf 86' lang='lat' dir='ltr'>te</span> <span class='ocrx_word' id='word_1_61' title='bbox 690 1278 745 1314; x_wconf 93' lang='lat' dir='ltr'>se</span> <span class='ocrx_word' id='word_1_62' title='bbox 781 1263 963 1315; x_wconf 85' lang='lat' dir='ltr'>uetur:</span> <span class='ocrx_word' id='word_1_63' title='bbox 1001 1259 1166 1315; x_wconf 85' lang='lat' dir='ltr'>currit</span> <span class='ocrx_word' id='word_1_64' title='bbox 1192 1258 1330 1314; x_wconf 89' lang='lat' dir='ltr'>enim</span> <span class='ocrx_word' id='word_1_65' title='bbox 1350 1258 1500 1315; x_wconf 87' lang='lat' dir='ltr'>ferox</span> 
     </span>
     <span class='ocr_line' id='line_1_17' title="bbox 470 1329 1405 1402; baseline 0 -17"><span class='ocrx_word' id='word_1_66' title='bbox 470 1331 620 1385; x_wconf 83' lang='lat' dir='ltr'>AEtas</span> <span class='ocrx_word' id='word_1_67' title='bbox 642 1333 697 1385; x_wconf 86' lang='lat' dir='ltr'>et</span> <span class='ocrx_word' id='word_1_68' title='bbox 725 1329 736 1341; x_wconf 82' lang='grc'><strong><em>’</em></strong></span> <span class='ocrx_word' id='word_1_69' title='bbox 782 1329 812 1395; x_wconf 87' lang='grc'>”,</span> <span class='ocrx_word' id='word_1_70' title='bbox 838 1347 966 1402; x_wconf 88' lang='lat' dir='ltr'>quos</span> <span class='ocrx_word' id='word_1_71' title='bbox 988 1329 1086 1385; x_wconf 82' lang='lat' dir='ltr'>tibi</span> <span class='ocrx_word' id='word_1_72' title='bbox 1109 1329 1405 1401; x_wconf 77' lang='lat' dir='ltr'>dempserit,</span> 
     </span>
     <span class='ocr_line' id='line_1_18' title="bbox 542 1399 1489 1541; baseline -0.001 -15"><span class='ocrx_word' id='word_1_73' title='bbox 542 1402 974 1541; x_wconf 54' lang='lat' dir='ltr'>Apffissezzz</span> <span class='ocrx_word' id='word_1_74' title='bbox 987 1399 1143 1526; x_wconf 55' lang='lat' dir='ltr'>afim</span> <span class='ocrx_word' id='word_1_75' title='bbox 1164 1405 1489 1530; x_wconf 51' lang='lat' dir='ltr'>gisum.</span> 
     </span>
     <span class='ocr_line' id='line_1_19' title="bbox 470 1540 1516 1613; baseline -0.002 -15"><span class='ocrx_word' id='word_1_76' title='bbox 470 1541 694 1608; x_wconf 84' lang='lat' dir='ltr'>Dilecta‚</span> <span class='ocrx_word' id='word_1_77' title='bbox 721 1545 971 1613; x_wconf 84' lang='lat' dir='ltr'>quantum</span> <span class='ocrx_word' id='word_1_78' title='bbox 992 1560 1099 1596; x_wconf 89' lang='lat' dir='ltr'>non</span> <span class='ocrx_word' id='word_1_79' title='bbox 1168 1540 1319 1597; x_wconf 70' lang='lat' dir='ltr'>holoe</span> <span class='ocrx_word' id='word_1_80' title='bbox 1343 1542 1516 1613; x_wconf 75' lang='lat' dir='ltr'>fugax,</span> 
     </span>
     <span class='ocr_line' id='line_1_20' title="bbox 474 1611 1513 1694; baseline -0.001 -25"><span class='ocrx_word' id='word_1_81' title='bbox 474 1614 600 1670; x_wconf 90' lang='lat' dir='ltr'>Non</span> <span class='ocrx_word' id='word_1_82' title='bbox 624 1612 826 1668; x_wconf 88' lang='lat' dir='ltr'>Chloris</span> <span class='ocrx_word' id='word_1_83' title='bbox 849 1611 963 1667; x_wconf 88' lang='lat' dir='ltr'>albo</span> <span class='ocrx_word' id='word_1_84' title='bbox 988 1611 1065 1668; x_wconf 89' lang='lat' dir='ltr'>sic</span> <span class='ocrx_word' id='word_1_85' title='bbox 1087 1611 1302 1694; x_wconf 82' lang='lat' dir='ltr'>humero</span> <span class='ocrx_word' id='word_1_86' title='bbox 1324 1612 1513 1680; x_wconf 56' lang='lat' dir='ltr'>nitens»,</span> 
     </span>
     <span class='ocr_line' id='line_1_21' title="bbox 543 1682 1454 1836; baseline 0.002 -28"><span class='ocrx_word' id='word_1_87' title='bbox 543 1682 1345 1836; x_wconf 51' lang='lat' dir='ltr'>Uzffiffldffirzy</span> <span class='ocrx_word' id='word_1_88' title='bbox 1381 1772 1454 1821; x_wconf 49' lang='lat'>0⁹,</span> 
     </span>
     <span class='ocr_line' id='line_1_22' title="bbox 474 1823 1500 1896; baseline -0.001 -13"><span class='ocrx_word' id='word_1_89' title='bbox 474 1824 645 1884; x_wconf 76' lang='lat' dir='ltr'>Quem</span> <span class='ocrx_word' id='word_1_90' title='bbox 669 1843 715 1879; x_wconf 74' lang='lat' dir='ltr'>sl</span> <span class='ocrx_word' id='word_1_91' title='bbox 737 1823 1024 1896; x_wconf 74' lang='lat' dir='ltr'>puellarum</span> <span class='ocrx_word' id='word_1_92' title='bbox 1046 1842 1296 1880; x_wconf 88' lang='lat' dir='ltr'>msereres</span> <span class='ocrx_word' id='word_1_93' title='bbox 1322 1843 1351 1881; x_wconf 93' lang='lat' dir='ltr'>c</span> <span class='ocrx_word' id='word_1_94' title='bbox 1388 1843 1500 1894; x_wconf 87' lang='lat' dir='ltr'>oro,</span> 
     </span>
     <span class='ocr_line' id='line_1_23' title="bbox 471 1893 1323 1977; baseline -0.002 -26"><span class='ocrx_word' id='word_1_95' title='bbox 471 1894 609 1951; x_wconf 89' lang='lat' dir='ltr'>Mire</span> <span class='ocrx_word' id='word_1_96' title='bbox 635 1912 845 1977; x_wconf 80' lang='lat' dir='ltr'>sagaces</span> <span class='ocrx_word' id='word_1_97' title='bbox 868 1894 1069 1950; x_wconf 80' lang='lat' dir='ltr'>falleret</span> <span class='ocrx_word' id='word_1_98' title='bbox 1092 1893 1323 1965; x_wconf 76' lang='lat' dir='ltr'>hospites</span> 
     </span>
     <span class='ocr_line' id='line_1_24' title="bbox 538 1963 1336 2021; baseline -0.003 0"><span class='ocrx_word' id='word_1_99' title='bbox 538 1965 832 2021; x_wconf 77' lang='lat' dir='ltr'>Discrimen</span> <span class='ocrx_word' id='word_1_100' title='bbox 854 1964 1126 2019; x_wconf 89' lang='lat' dir='ltr'>obscurum</span> <span class='ocrx_word' id='word_1_101' title='bbox 1152 1963 1336 2020; x_wconf 90' lang='lat' dir='ltr'>solutis</span> 
     </span>
     <span class='ocr_line' id='line_1_25' title="bbox 612 2032 1408 2107; baseline 0.001 -17"><span class='ocrx_word' id='word_1_102' title='bbox 612 2034 848 2091; x_wconf 85' lang='lat' dir='ltr'>Crinibus</span> <span class='ocrx_word' id='word_1_103' title='bbox 872 2034 1216 2107; x_wconf 78' lang='lat' dir='ltr'>ambiguoque</span> <span class='ocrx_word' id='word_1_104' title='bbox 1236 2032 1408 2091; x_wconf 71' lang='lat' dir='ltr'>vultu.</span> 
     </span>
    </p>
   </div>
   <div class='ocr_carea' id='block_1_7' title="bbox 639 2213 1607 2304">
    <p class='ocr_par' dir='ltr' id='par_1_7' title="bbox 639 2213 1607 2304">
     <span class='ocr_line' id='line_1_26' title="bbox 639 2213 1607 2304; baseline 0.003 -3"><span class='ocrx_word' id='word_1_105' title='bbox 639 2242 955 2301; x_wconf 75' lang='lat' dir='ltr'>cARMEN</span> <span class='ocrx_word' id='word_1_106' title='bbox 990 2213 1239 2303; x_wconf 63' lang='lat' dir='ltr'>Vi.—An</span> <span class='ocrx_word' id='word_1_107' title='bbox 1273 2260 1607 2304; x_wconf 62' lang='lat' dir='ltr'>sammon.</span> 
     </span>
    </p>
   </div>
   <div class='ocr_carea' id='block_1_8' title="bbox 473 2354 1663 2773">
    <p class='ocr_par' dir='ltr' id='par_1_8' title="bbox 473 2354 1450 2423">
     <span class='ocr_line' id='line_1_27' title="bbox 473 2354 1450 2423; baseline 0.001 -12"><span class='ocrx_word' id='word_1_108' title='bbox 473 2354 722 2423; x_wconf 62' lang='lat' dir='ltr'>Suum,</span> <span class='ocrx_word' id='word_1_109' title='bbox 748 2355 920 2413; x_wconf 84' lang='lat' dir='ltr'>Gades</span> <span class='ocrx_word' id='word_1_110' title='bbox 943 2356 1145 2411; x_wconf 76' lang='lat' dir='ltr'>aditure</span> <span class='ocrx_word' id='word_1_111' title='bbox 1169 2375 1371 2412; x_wconf 90' lang='lat' dir='ltr'>mecum</span> <span class='ocrx_word' id='word_1_112' title='bbox 1395 2361 1450 2414; x_wconf 91' lang='lat' dir='ltr'>et</span> 
     </span>
    </p>

    <p class='ocr_par' dir='ltr' id='par_1_9' title="bbox 473 2422 1663 2497">
     <span class='ocr_line' id='line_1_28' title="bbox 473 2422 1663 2497; baseline 0 -15"><span class='ocrx_word' id='word_1_113' title='bbox 473 2422 792 2482; x_wconf 78' lang='lat' dir='ltr'>Cantabrum</span> <span class='ocrx_word' id='word_1_114' title='bbox 815 2426 1081 2483; x_wconf 88' lang='lat' dir='ltr'>indoctum</span> <span class='ocrx_word' id='word_1_115' title='bbox 1107 2426 1228 2497; x_wconf 77' lang='lat' dir='ltr'>&#39;uga</span> <span class='ocrx_word' id='word_1_116' title='bbox 1249 2428 1382 2482; x_wconf 89' lang='lat' dir='ltr'>ferre</span> <span class='ocrx_word' id='word_1_117' title='bbox 1405 2430 1586 2484; x_wconf 86' lang='lat' dir='ltr'>nostra</span> <span class='ocrx_word' id='word_1_118' title='bbox 1607 2428 1663 2484; x_wconf 86' lang='lat' dir='ltr'>et</span> 
     </span>
    </p>

    <p class='ocr_par' dir='ltr' id='par_1_10' title="bbox 473 2446 1503 2632">
     <span class='ocr_line' id='line_1_29' title="bbox 473 2446 1503 2571; baseline 0.003 -21"><span class='ocrx_word' id='word_1_119' title='bbox 473 2494 725 2552; x_wconf 71' lang='lat' dir='ltr'>Bal-baras</span> <span class='ocrx_word' id='word_1_120' title='bbox 751 2497 946 2567; x_wconf 84' lang='lat' dir='ltr'>Syrtes,</span> <span class='ocrx_word' id='word_1_121' title='bbox 969 2496 1064 2552; x_wconf 93' lang='lat' dir='ltr'>ubi</span> <span class='ocrx_word' id='word_1_122' title='bbox 1088 2446 1279 2552; x_wconf 52' lang='lat' dir='ltr'>diuum</span> <span class='ocrx_word' id='word_1_123' title='bbox 1301 2515 1503 2571; x_wconf 85' lang='lat' dir='ltr'>semper</span> 
     </span>
     <span class='ocr_line' id='line_1_30' title="bbox 680 2565 1086 2632; baseline 0.002 -12"><span class='ocrx_word' id='word_1_124' title='bbox 680 2565 894 2621; x_wconf 85' lang='lat' dir='ltr'>AEstuat</span> <span class='ocrx_word' id='word_1_125' title='bbox 916 2566 1058 2621; x_wconf 85' lang='lat' dir='ltr'>unda</span> <span class='ocrx_word' id='word_1_126' title='bbox 1069 2587 1086 2632; x_wconf 71' lang='grc' dir='ltr'><strong>ς</strong></span> 
     </span>
    </p>

    <p class='ocr_par' dir='ltr' id='par_1_11' title="bbox 479 2632 1294 2707">
     <span class='ocr_line' id='line_1_31' title="bbox 479 2632 1294 2707; baseline 0.004 -19"><span class='ocrx_word' id='word_1_127' title='bbox 479 2632 642 2689; x_wconf 83' lang='lat' dir='ltr'>Tibur</span> <span class='ocrx_word' id='word_1_128' title='bbox 665 2637 838 2706; x_wconf 88' lang='lat' dir='ltr'>Argeo</span> <span class='ocrx_word' id='word_1_129' title='bbox 863 2637 1086 2707; x_wconf 83' lang='lat' dir='ltr'>positum</span> <span class='ocrx_word' id='word_1_130' title='bbox 1113 2635 1294 2691; x_wconf 90' lang='lat' dir='ltr'>colono</span> 
     </span>
    </p>

    <p class='ocr_par' dir='ltr' id='par_1_12' title="bbox 480 2703 1362 2773">
     <span class='ocr_line' id='line_1_32' title="bbox 480 2703 1362 2773; baseline 0.005 -14"><span class='ocrx_word' id='word_1_131' title='bbox 480 2704 561 2759; x_wconf 89' lang='lat' dir='ltr'>Sit</span> <span class='ocrx_word' id='word_1_132' title='bbox 585 2722 709 2759; x_wconf 79' lang='lat' dir='ltr'>meoe</span> <span class='ocrx_word' id='word_1_133' title='bbox 733 2703 878 2759; x_wconf 87' lang='lat' dir='ltr'>sedes</span> <span class='ocrx_word' id='word_1_134' title='bbox 902 2706 1098 2761; x_wconf 84' lang='lat' dir='ltr'>utinam</span> <span class='ocrx_word' id='word_1_135' title='bbox 1124 2711 1362 2773; x_wconf 71' lang='lat' dir='ltr'>senectae,</span> 
     </span>
    </p>
   </div>
   <div class='ocr_carea' id='block_1_9' title="bbox 1854 1052 1928 1106">
    <p class='ocr_par' dir='ltr' id='par_1_13' title="bbox 1854 1052 1928 1106">
     <span class='ocr_line' id='line_1_33' title="bbox 1854 1052 1928 1106; baseline 0.014 -1"><span class='ocrx_word' id='word_1_136' title='bbox 1854 1052 1928 1106; x_wconf 90' lang='grc'>10</span> 
     </span>
    </p>
   </div>
   <div class='ocr_carea' id='block_1_10' title="bbox 1859 1759 1933 1812">
    <p class='ocr_par' dir='ltr' id='par_1_14' title="bbox 1859 1759 1933 1812">
     <span class='ocr_line' id='line_1_34' title="bbox 1859 1759 1933 1812; baseline 0 0"><span class='ocrx_word' id='word_1_137' title='bbox 1859 1759 1933 1812; x_wconf 79' lang='lat'>20</span> 
     </span>
    </p>
   </div>
  </div>
 </body>
</html>
