2031 2952
283 106 382 166 186
936 106 1238 162 HORATII'

284 229 515 285 Affertur
539 226 747 299 squillas
771 226 909 282 inter
933 246 1147 283 murena
1170 228 1409 283 natantes
1666 227 1885 298 [inquit,

283 301 351 356 In
387 300 562 371 patina
597 307 849 370 porrecta.
926 299 1033 354 Sub
1070 299 1168 355 hoc
1211 299 1380 364 herus»,
1426 303 1442 327 ‘
1459 297 1590 354 Haec
1632 299 1886 369 gravidm’

285 376 300 399 ‘
321 374 482 441 Capta
507 376 602 435 est,
630 369 855 425 deterior
878 376 998 440 post
1023 375 1227 441 partum
1254 388 1404 425 carne
1430 369 1621 424 futura.

284 442 387 496 His
414 441 630 495 mixtum
653 440 739 512 jus
764 446 877 495 est:
917 440 1047 506 ole0,
1077 441 1217 512 quod
1239 440 1403 521 prima
1426 439 1642 495 Venafri

282 513 482 567 Pressit
506 511 665 578 cella;
702 530 828 582 garo
854 510 916 565 de
943 512 1112 566 succis
1136 511 1293 583 piscis
1319 511 1460 566 Iberi
1474 534 1491 579 3

282 583 423 636 Vino
449 583 783 664 quinquenni,
809 600 987 636 verum
1013 581 1145 636 citra
1167 599 1307 636 mare
1333 590 1474 647 nat0‚

281 652 424 708 Dum
450 661 722 724 coquitur3
747 682 820 692 —-—
842 660 992 707 cocto
1019 653 1205 707 Chium
1231 653 1305 707 sic
1329 652 1585 719 convenit,
1611 656 1671 706 ut
1696 672 1801 707 non

284 724 405 779 Hoc
430 724 591 795 magis
617 724 778 778 ullum
803 722 971 789 aliud3
997 753 1068 761 —
1092 728 1271 794 pipere
1297 722 1428 788 albo,
1449 741 1552 778 non
1576 725 1684 778 sine
1711 731 1885 791 aeetO,

283 795 437 864 Quod
465 795 613 849 Meth
651 813 862 848 mnaeam
890 793 1013 848 vitio
1041 794 1319 848 mutaverit
1344 813 1512 850 uvam.
1813 800 1886 849 50

285 865 482 921 Erucas
508 866 605 920 viri
641 885 713 926 es,
740 864 905 920 inulas
930 883 1028 934 ego
1053 864 1248 936 primus
1275 883 1472 919 amaras

282 938 577 991 Monstravi
602 937 890 1006 incoquere,
917 935 1092 990 illutos
1119 934 1370 990 Curtillus
1397 935 1621 1003 echinos,

281 1007 362 1062 Ut
388 1008 568 1063 melius
595 1007 757 1061 muria
780 1010 919 1076 quod
941 1012 1079 1060 testa
1103 1007 1301 1060 marina
1324 1007 1575 1061 remittit?

255 1078 258 1081 ’
281 1079 492 1133 Interea
514 1095 764 1147 suspensa
787 1095 969 1147 graves
994 1077 1159 1131 aulaea
1184 1078 1357 1133 ruinas

281 1148 350 1203 In
373 1151 601 1220 patinam
631 1148 812 1212 secere,
839 1148 1097 1201 trahentia
1120 1148 1345 1218 pulveris
1373 1147 1473 1203 atri

282 1219 546 1287 Quantum
572 1237 677 1273 non
701 1218 890 1290 Aquilo
917 1219 1191 1288 Campanis
1216 1220 1413 1274 excitat
1439 1218 1591 1290 agris

283 1290 398 1345 Nos
422 1290 587 1362 majus
613 1289 779 1354 veriti,
806 1294 1078 1361 postquam
1105 1290 1233 1344 nihil
1257 1308 1371 1345 esse
1396 1290 1574 1362 pericli

285 1361 566 1426 Sensimm,
594 1360 854 1431 erigimur.
929 1361 1102 1415 Rufus
1129 1361 1300 1431 posito
1327 1361 1511 1432 capite,
1536 1366 1598 1417 ut
1623 1360 1669 1416 si

282 1430 447 1486 Filius
473 1431 776 1485 immaturus
802 1431 1010 1499 obisset,
1041 1432 1179 1487 flere.
1255 1432 1384 1502 Quis
1410 1436 1546 1488 esset

282 1502 444 1567 Finis,
470 1502 525 1555 ni
550 1502 751 1572 sapiens
777 1501 851 1557 sic
876 1503 1241 1558 Nomentanus
1266 1504 1486 1559 amicum
1811 1504 1881 1557 60

282 1573 539 1628 Tolleret:
582 1573 751 1638 ‘Heu,
776 1572 1025 1638 Fortuna,
1088 1577 1166 1629 uis
1192 1580 1273 1628 est
1297 1573 1551 1629 crudelior
1573 1574 1628 1627 in
1650 1592 1746 1628 nos

282 1644 358 1699 Te
383 1644 569 1698 Deus?
629 1643 709 1698 Ut
733 1661 935 1713 semper
958 1663 1059 1714 gau
1098 1664 1152 1699 es
1177 1644 1391 1699 illudere
1416 1644 1571 1700 rebus

282 1714 542 1770 Humanis
564 1714 603 1768 !'
665 1713 856 1768 Varius
882 1733 1067 1786 mappa
1090 1733 1412 1785 compescere
1437 1715 1597 1769 risum

282 1786 393 1841 Vix
414 1788 633 1855 poterat.
704 1784 915 1838 Belatro
940 1784 1259 1855 suspendens
1283 1786 1456 1841 omnia
1479 1803 1621 1850 nas0,

286 1857 449 1911 ‘Haec
474 1862 554 1910 est
578 1853 805 1909 conditio
831 1855 1072 1920 vivendi‚'
1100 1856 1284 1930 aiebat,
1315 1861 1510 1927 ‘eoque

284 1927 622 1999 Responsura
646 1930 738 1979 tuo
762 1935 1025 1995 nunquam
1053 1932 1133 1980 est
1159 1945 1249 1998 par
1275 1927 1410 1981 fama
1433 1926 1608 1981 labori.

282 1999 441 2064 Tene,
468 2005 529 2051 ut
555 2015 651 2067 ego
676 1996 895 2076 accipiar
919 1996 1075 2062 laute,
1102 1998 1388 2069 torquerier
1412 1997 1552 2052 omni

286 2067 638 2124 Sollicitudine
663 2066 971 2133 districtum,
998 2086 1064 2122 ne
1091 2071 1233 2138 panis
1259 2068 1492 2134 adustuS‚

282 2140 371 2196 Ne
396 2138 526 2194 male
552 2137 816 2194 conditum
837 2137 924 2209 jus
950 2145 1251 2209 apponatur,
1277 2147 1336 2192 ut
1361 2157 1537 2193 omues

285 2209 561 2267 Praecinoti
585 2213 726 2263 recte
752 2209 897 2279 pueri
922 2209 1219 2281 comptique
1245 2209 1581 2264 ministrent?
1810 2210 1878 2267 50

284 2282 435 2338 Adde
460 2282 555 2335 hos
579 2289 829 2352 praeterea
852 2298 1020 2347 casuS‚
1048 2280 1208 2335 aulaea
1231 2286 1384 2334 ruant
1409 2280 1470 2344 si,

283 2353 363 2409 Ut
388 2351 541 2406 modo
563 2371 576 2415 3
614 2350 657 2404 si
681 2350 906 2420 patinam
935 2353 1065 2420 pede
1090 2351 1263 2422 lapsus
1290 2352 1491 2422 frangat
1515 2369 1689 2423 agaso.

286 2423 390 2479 Sed
413 2421 756 2477 convivatoris
782 2422 860 2476 uti
885 2421 1031 2476 ducis
1055 2421 1314 2494 ingenium
1341 2440 1423 2476 res

283 2493 532 2548 Adversae
555 2491 749 2547 nudare
773 2493 958 2557 solent,
987 2495 1151 2548 celare
1177 2492 1447 2548 secundae?

283 2563 600 2618 Nasidienus
625 2562 691 2616 ad
716 2564 854 2619 haeo:
898 2563 1042 2618 ‘Tibi
1067 2564 1155 2631 Di,
1183 2580 1499 2636 quaecuuque
1524 2562 1762 2633 preceris,

286 2633 571 2688 Commoda
594 2633 748 2688 dent!
812 2634 900 2688 Ita
920 2638 1000 2688 vir
1026 2634 1191 2689 bonus
1216 2653 1270 2689 es
1297 2635 1514 2689 conviva
1554 2652 1615 2686 ue
1642 2634 1833 2688 comis)

273 2703 357 2780 ,Et
381 2704 545 2760 soleas
565 2703 753 2774 poscit.
825 2704 960 2759 Tum
983 2704 1041 2760 in
1064 2705 1200 2761 lecto
1226 2722 1430 2778 quoque
1454 2704 1506 2757 vi
1543 2722 1655 2758 eres
