2031 2952
277 134 380 184 224
928 126 1222 201 nomm

279 248 418 306 Nam
444 247 609 319 spirat
632 244 885 316 tragicum
912 243 1040 299 satis
1064 247 1116 298 et
1139 243 1359 301 feliciter
1381 243 1555 314 audet,

282 319 387 375 Sed
411 325 616 391 turpem
640 322 793 389 putat
817 315 1003 371 inscite
1029 315 1317 387 metuitque
1332 315 1565 373 lituram.

280 389 542 455 Creditur,
569 406 636 443 ex
660 386 828 442 medio
853 386 975 457 quia
998 404 1080 440 res
1105 386 1334 451 arcessit,
1360 376 1548 445 habere

282 460 496 515 Sudoris
522 459 801 523 minimum,
829 459 918 512 sed
944 455 1100 511 habet
1124 456 1373 513 comoedia
1394 462 1542 514 tanto

257 530 409 593 ,Plus
435 531 622 596 oneriS,
640 533 833 602 quanto
854 528 1014 581 veniae
1039 526 1224 593 nunus..
1269 527 1511 600 Adspice,
1531 529 1748 588 Plautus
1770 529 1891 591 170

279 602 399 669 Quo
423 606 578 673 pacto
602 604 778 671 partes
800 602 1005 653 tutetur
1028 598 1247 654 amantis
1271 599 1471 671 ephebi,

280 670 361 728 Ut
384 672 546 743 patris
571 669 776 734 attenti,
801 668 999 724 lenonis
1024 673 1086 723 ut
1108 669 1342 726 insidiosi
1361 691 1376 737 ;

282 743 525 812 Quantus
541 742 619 796 -sit
644 741 948 796 Dossennus
974 737 1216 795 edacibus
1240 741 1295 796 in
1318 742 1572 813 parasitiS,

281 813 452 882 Quam
476 829 585 866 non
604 810 857 866 adstricto
880 816 1149 881 percurrat
1173 811 1376 884 pulpita
1397 832 1576 880 socco;

283 883 459 939 Gestit
482 882 617 938 enim
641 899 906 935 nummum
929 880 985 935 in
1007 880 1205 936 loculos
1230 882 1515 952 demittere,
1543 888 1662 958 post
1686 884 1788 941 hoc

284 955 528 1018 Securus,
555 951 720 1017 cadat,
746 969 813 1006 an
834 954 978 1006 recto
1004 956 1110 1007 stet
1134 951 1309 1008 fabula
1329 954 1453 1011 talo.

284 1024 450 1151 guem
474 1021 600 1081 tulit
622 1020 687 1077 ad
711 1039 915 1077 scenam
938 1025 1157 1077 ventoso
1183 1022 1359 1079 Gloria
1382 1045 1553 1093 curru,

334 1093 559 1149 xanimat
584 1092 757 1148 lentus
782 1095 1060 1162 spectator,
1088 1091 1299 1148 sedulus
1321 1095 1498 1152 infiat:

287 1165 373 1221 Sic
396 1164 526 1229 leve,
553 1163 627 1220 sic
652 1181 866 1236 parvum
890 1166 985 1228 est,
1012 1163 1237 1231 animum
1296 1166 1399 1221 uod
1423 1166 1588 1222 laudis
1611 1184 1824 1223 avarum

285 1235 504 1292 Subruit
528 1238 619 1290 aut
643 1234 823 1289 reficit.
895 1233 1083 1289 Valeat
1108 1252 1191 1289 res
1214 1233 1266 1289 lu
1309 1235 1424 1303 'cra,
1451 1239 1496 1293 si
1521 1255 1601 1292 me
1775 1238 1883 1291 180

285 1306 467 1363 Palma
489 1310 677 1378 negata
699 1323 943 1371 macrum,
969 1304 1160 1359 donata
1181 1304 1383 1362 reducit
1406 1308 1648 1379 opimum.

287 1378 439 1450 Saepe
461 1378 618 1435 etiam
642 1377 887 1432 audacem
911 1376 1059 1448 fugat
1082 1374 1180 1431 hoc
1203 1380 1466 1449 terretque
1490 1384 1708 1446 poetam,

285 1449 443 1521 Quod
466 1466 681 1504 numero
705 1447 897 1520 plures,
923 1446 1119 1503 virtute
1142 1453 1198 1503 et
1220 1447 1413 1505 honore
1436 1450 1675 1516 minores,

286 1521 500 1578 Indocti
522 1519 799 1591 stolidique
822 1523 875 1575 et
899 1517 1195 1590 depugnare
1218 1519 1399 1589 parati,

288 1592 347 1648 Si
372 1589 631 1646 discordet
657 1608 831 1662 eques,
858 1588 1027 1644 media
1047 1589 1184 1645 inter
1208 1591 1431 1646 carmina
1455 1594 1679 1662 poscunt

288 1665 401 1719 Aut
423 1680 603 1717 ursum
627 1666 718 1716 aut
743 1659 975 1732 pugiles3
1012 1659 1095 1715 his
1119 1678 1236 1715 nam
1260 1660 1527 1732 plebecula
1550 1660 1765 1732 plaudit.

289 1733 489 1790 Verum
514 1731 706 1804 equitis
730 1749 935 1802 quoque
955 1731 1065 1802 jam
1089 1730 1326 1803 migravit
1351 1731 1414 1787 ab
1439 1750 1564 1788 aure
1585 1731 1828 1804 voluptas

287 1804 474 1861 Omnis
496 1802 565 1859 ad
586 1803 813 1858 incertos
838 1801 1015 1857 oculos
1040 1805 1094 1858 et
1118 1801 1306 1873 gaudia
1329 1821 1472 1857 vana.

288 1875 556 1944 Quattuor
578 1878 669 1929 aut
694 1873 868 1945 plures
894 1872 1055 1928 auloea
1076 1876 1381 1945 premuntur
1404 1873 1460 1928 in
1482 1872 1651 1938 horae,

291 1945 478 2003 Dumf
548 1945 660 2000 'unt
684 1942 914 2016 equitum
941 1947 1126 1999 turmae
1151 1942 1481 2015 peditumque
1505 1944 1880 2011 catervae3190

290 2017 426 2072 Mox
448 2020 532 2071 tra
565 2016 672 2071 itur
693 2013 928 2070 manibus
951 2032 1135 2087 regum
1158 2014 1368 2070 fortuna
1389 2014 1615 2081 retortis,

292 2084 492 2144 Esseda
514 2085 779 2152 festinant,
806 2085 1014 2156 pilenta,
1043 2084 1304 2152 petorrita,
1328 2102 1501 2151 naves,

291 2157 574 2229 Captivum
595 2161 833 2228 portatur
856 2154 998 2222 ebur,
1026 2155 1231 2227 captiva
1253 2154 1551 2212 Corinthus.

293 2229 353 2284 Si
376 2228 512 2283 foret
536 2227 590 2282 in
613 2226 781 2292 terris,
807 2226 996 2281 rideret
1021 2225 1371 2290 DemocrituS,
1398 2243 1493 2281 seu

293 2298 574 2354 Diversum
598 2296 816 2353 confusa
839 2315 1002 2369 genus
1027 2296 1279 2367 panthera
1302 2294 1513 2362 camelo,

294 2368 418 2424 Sive
442 2367 648 2439 elephas
672 2367 820 2422 albus
843 2367 931 2422 vul
970 2366 989 2421 i
1012 2370 1341 2422 converteret
1363 2384 1454 2420 ora
1466 2388 1484 2431 ;

295 2439 335 2493 8
372 2442 568 2493 ectaret
592 2436 840 2509 populum
862 2436 917 2491 lu
954 2437 998 2491 is
1023 2436 1273 2491 attentius
1298 2436 1441 2507 ipsis„

353 2511 377 2561 t
402 2505 502 2562 sibi
525 2507 835 2579 praebentem
862 2507 1017 2561 mimo
1041 2505 1335 2576 spectacula
1393 2506 1532 2573 lura3

297 2576 587 2646 Scriptores
611 2583 786 2632 autem
806 2594 1011 2631 narrare
1038 2580 1244 2646 putaret
1267 2524 1425 2631 asello

296 2644 557 2700 Fabellam
583 2645 755 2701 surdo.
828 2646 963 2701 Nam
990 2663 1106 2716 quae
1129 2646 1426 2716 pervincere
1448 2663 1602 2700 voces
1780 2646 1881 2702 200

299 2713 556 2771 Evaluere
579 2734 779 2783 sonum,
805 2716 1036 2771 referunt
1060 2733 1214 2787 quem
1236 2720 1415 2771 nostra
1435 2716 1675 2772 theatra?
