2031 2952
526 143 907 195 CARMINUM
941 145 1017 195 11.
1053 148 1266 196 14—16.
1625 146 1697 199 45

311 257 430 314 Neo
450 257 721 314 fortuitum
748 277 990 331 spernere
1015 278 1101 315 ces
1139 260 1266 316 item

308 328 1203 457 Leffisffbffizffi'spss‘ssafflrssffi

444 419 658 542 '1⁸31'anss
677 488 814 526 novo
839 471 1084 528 decorare
1109 490 1252 528 saxo.
1620 455 1690 530 20

225 634 537 691 OARMEN
574 634 872 691 XVI.—-AD
907 652 1205 692 murnum
1242 653 1559 696 onosrmm.

235 736 431 792 OTIUM
451 736 618 791 Divos
642 740 792 807 rogat
816 735 871 791 in
898 738 1094 808 patenti

235 808 465 862 Prensus
488 807 689 878 AEgaeo‚
716 806 868 862 simul
891 812 1004 862 atra
1027 807 1188 864 nubes

238 876 480 933 Condidit
501 877 707 932 Lunam
731 895 897 949 neque
922 882 1066 934 certa
1087 879 1291 951 fulgent

377 947 558 1002 Sidera
578 948 749 1003 nautis
765 970 781 1014 3

236 1017 416 1074 Otium
439 1017 575 1073 bello
598 1017 792 1073 furiosa
813 1018 1028 1084 Thrace,

134 1132 137 1135 .
233 1088 414 1144 Otium
437 1087 583 1143 Medi
606 1088 847 1160 pharetra
870 1088 1060 1155 decori,

236 1158 489 1231 Grospho,
513 1177 620 1214 non
643 1159 857 1231 gemmis
879 1177 1046 1232 neque
1070 1178 1299 1232 purpura
1322 1178 1414 1217 ve-

371 1229 486 1284 nale
508 1242 676 1300 neque
700 1247 841 1285 auro,

233 1299 361 1357 Non
383 1300 519 1355 enim
637 1318 681 1355 ae
703 1317 872 1381 neque
896 1299 1180 1356 consularis

237 1373 534 1426 Summovet
579 1369 708 1424 'otor
730 1387 944 1425 miseros
967 1371 1227 1426 tumultus
1613 1373 1682 1429 10

233 1440 431 1499 Mentis
457 1444 512 1497 et
536 1458 686 1497 ouras
709 1439 947 1513 laqueata
970 1441 1170 1498 circum

373 1511 533 1567 Tecta
553 1510 804 1567 volantes.

234 1582 444 1637 Vivitur
465 1600 624 1654 parvo
648 1581 792 1648 bene,
819 1582 905 1638 oui
926 1586 1199 1655 paternum

235 1654 271 1707 S
307 1652 480 1708 lendet
502 1653 558 1708 in
581 1671 758 1708 mensa
779 1653 926 1709 tenui
949 1654 1186 1722 salinum,

291 1742 351 1780 eo
373 1723 511 1779 leves
536 1742 744 1779 somnos
766 1726 922 1779 timor
946 1733 1037 1780 aut
1062 1725 1249 1799 cupido

372 1794 617 1849 Sordidus
641 1794 825 1849 aufert.

232 1864 377 1934 Quid
402 1864 544 1920 brevi
565 1863 729 1920 fortes
748 1866 1037 1938 jaculamur
1060 1885 1170 1922 aevo

231 1935 445 1991 Multa?
483 1935 608 2007 quid
630 1940 794 1991 terras
819 1937 916 1992 alio
941 1936 1167 1992 calentes

234 2007 353 2062 Sole
376 2008 674 2062 mutamus?
747 2007 938 2063 Patriae
963 2007 1078 2079 quis
1102 2008 1252 2063 exsul

372 2078 439 2133 Se
464 2095 667 2149 quoque
690 2077 862 2159 fugit?
1619 2080 1690 2135 20

211 2147 448 2204 -Soandit
475 2154 657 2204 aeratas
681 2147 869 2204 vitlosa
890 2167 1047 2204 naves
1179 2172 1185 2177 ·

234 2220 368 2273 Oura
391 2236 487 2274 neo
509 2222 708 2274 turmas
732 2219 963 2291 equitum
986 2219 1252 2292 relinquit,

231 2289 390 2345 Ocior
413 2289 579 2345 cervis
603 2293 657 2343 et
682 2294 872 2361 agente
894 2288 1095 2344 nimbos

373 2360 531 2416 Ocior
554 2360 712 2415 Euro.

228 2431 411 2487 Laetus
434 2431 489 2485 in
511 2448 736 2502 praesens
760 2431 974 2497 animus»,
1000 2431 1142 2502 quod
1166 2430 1302 2486 ultra
1328 2434 1427 2497 est,

232 2501 419 2557 Oderit
442 2519 621 2556 curare
646 2505 700 2557 et
724 2520 895 2557 amara
916 2500 1059 2558 lento

228 2572 356 2628 Tem
393 2574 503 2626 eret
526 2571 649 2627 risu.
698 2637 699 2640 Ἴ
723 2572 871 2627 Nihil
894 2576 974 2628 est
998 2574 1064 2629 ab
1089 2572 1229 2628 omni

417 2645 528 2697 arte
550 2641 774 2698 beatum.

228 2711 465 2768 Abstulit
489 2712 681 2767 clarum
705 2714 810 2767 cita
831 2731 970 2769 mors
995 2714 1265 2781 Achillem,

237 2782 425 2853 Longa
447 2781 721 2836 Tithonum
749 2783 936 2839 minuit
960 2793 1218 2852 senectus,
1610 2784 1681 2839 30
