2031 2952
229 133 332 181 220
880 128 1178 179 HORATII

242 246 328 302 Sic
353 245 528 301 fautor
550 249 801 314 veterum,
827 250 889 302 ut
914 246 1119 302 tabulas
1143 264 1356 318 peccare
1380 248 1633 315 vetantes,

242 319 382 383 Quas
407 316 486 372 bis
511 317 736 390 quinque
760 317 858 373 viri
883 321 1178 383 sanxerunt,
1206 317 1397 372 foedera
1419 336 1602 389 regum

237 387 342 442 Vel
365 387 542 443 Gabiis
565 388 648 443 vel
673 407 790 444 cum
815 387 996 461 rigidis
1024 392 1226 460 aequata
1251 388 1468 456 sabinia,

194 522 199 527 ‚
237 458 548 514 Pontificum
574 458 748 524 libros,
775 478 972 514 annosa
994 458 1259 514 volumina
1281 463 1456 514 vatum

235 527 456 584 Dictitet
479 529 683 585 Albano
709 530 890 585 Musas
917 530 970 584 in
994 535 1168 584 monte
1193 528 1450 601 loquutus.

237 598 307 665 Si,
335 600 456 671 quia
480 599 776 656 Graecorum
801 604 925 655 sunt
948 599 1305 671 antiquissima
1330 616 1545 671 quaeque

237 669 445 740 Scripta
467 670 550 725 vel
574 670 784 740 optima,
813 671 1037 726 Romani
1062 675 1342 742 pensantur
1367 669 1545 725 eadem

239 739 528 822 Scriptores
553 740 768 807 trutina,
793 759 900 795 non
924 745 1007 796 est
1031 740 1173 810 quod
1198 740 1361 795 multa
1383 739 1435 795 lo
1472 758 1681 795 uamur:
1758 742 1831 795 30

239 810 332 866 Nil
357 815 493 865 intra
515 815 596 866 est
621 810 800 877 oleam,
827 811 903 866 nil
927 815 1075 866 extra
1097 816 1178 866 est
1203 811 1258 865 in
1280 828 1411 867 nuce
1470 810 1552 866 uri
1566 834 1581 877 3

237 880 492 936 Venimus
517 880 583 935 ad
606 900 860 936 summum
887 882 1120 946 fortunae,
1185 881 1408 952 ingimus
1433 887 1586 953 atque

241 950 519 1006 Psallimus
544 955 599 1006 et
624 951 882 1007 luctamur
907 951 1120 1007 Achivis
1180 951 1348 1007 octius
1363 962 1385 985 ⁸
1406 954 1591 1008 unctis.

241 1021 298 1076 Si
324 1021 534 1077 meliora
555 1020 680 1087 dica,
705 1027 768 1077 ut
791 1023 924 1088 vina,
951 1026 1192 1093 poemata
1215 1022 1399 1088 reddit,

238 1091 382 1146 Scire
405 1091 575 1158 velim,
601 1092 794 1147 chartis
818 1092 1044 1163 pretium
1069 1097 1259 1164 quotus
1283 1097 1488 1165 arroget
1513 1111 1693 1148 annus,

239 1163 347 1217 Scri
387 1166 471 1216 tor
493 1161 678 1218 abhinc
702 1181 862 1217 annos
886 1170 1097 1218 centum
1124 1164 1213 1235 qui
1238 1162 1444 1228 decidit,
1472 1163 1606 1218 inter

237 1233 339 1286 Per
361 1237 505 1288 ectos
529 1238 832 1304 veteresque
857 1221 1036 1287 referri
1061 1232 1231 1298 debet,
1259 1252 1325 1289 an
1349 1234 1486 1289 inter
1656 1276 1676 1301 χ
1777 1268 1851 1314 7.»

131 1336 140 1347 -
236 1303 384 1358 Viles
409 1308 564 1373 atque
587 1304 789 1358 novos?
859 1303 1120 1359 Excludat
1140 1302 1316 1376 jurgia
1339 1304 1542 1359 finis.—

235 1372 337 1428 Est
360 1378 511 1428 vetus
536 1378 692 1444 atque
714 1372 923 1454 probuS,
951 1380 1164 1429 centum
1189 1374 1276 1446 qui
1301 1364 1500 1447 p‘effi'c'it
1519 1393 1775 1431 annos.—

236 1442 394 1512 Quid,
420 1442 508 1516 qui
533 1442 750 1515 deperiit
778 1444 941 1500 minor
965 1463 1072 1501 uno
1095 1464 1271 1501 mense
1295 1443 1378 1502 vel
1404 1463 1552 1513 annu,
1761 1448 1833 1502 40

238 1515 387 1569 Inter
411 1533 541 1586 quos
567 1515 866 1570 referendus
891 1516 1030 1571 erit?
1069 1521 1337 1572 veteresne
1363 1522 1560 1587 poetaS,

234 1585 323 1640 An
347 1603 477 1657 quos
502 1589 557 1639 et
581 1604 806 1657 praesens
831 1591 884 1642 et
909 1591 1118 1658 postera
1139 1592 1353 1659 respuat
1378 1595 1504 1643 aetas
1519 1588 1618 1642 P—

238 1655 354 1709 Iste
379 1654 582 1726 quidem
607 1660 809 1711 veteres
834 1657 972 1712 inter
994 1664 1220 1729 ponetur
1242 1657 1475 1725 honeste,

237 1725 345 1793 Qui
366 1725 447 1782 vel
473 1743 647 1782 mense
675 1726 818 1782 brevi
840 1727 925 1784 vel
948 1732 1063 1783 toto
1089 1734 1169 1784 est
1189 1728 1367 1800 junior
1390 1730 1617 1784 anno?-

237 1796 378 1852 Utor
400 1797 652 1868 permisso
676 1796 951 1869 caudaeque
975 1798 1108 1869 pilos
1132 1805 1193 1853 ut
1217 1799 1416 1869 equinae

237 1866 515 1922 Paullatim
538 1866 674 1923 vello
699 1875 753 1923 et
778 1867 927 1923 demo
949 1887 1129 1935 unum,
1154 1867 1514 1924 demoiterum
1535 1868 1560 1903 δ
1584 1885 1760 1934 unum,

238 1936 381 1992 Dum
405 1937 556 1994 cadat
581 1938 756 1993 elusus
780 1938 977 1993 ratione
1000 1940 1200 1993 ruentis
1224 1939 1409 2004 acervi,

173 2027 186 2048 ·
237 2007 344 2077 Qui
366 2007 503 2062 redit
527 2007 581 2062 in
605 2008 770 2063 fastos
795 2014 849 2063 et
873 2008 1122 2064 virtutem
1146 2009 1367 2065 aestimat
1391 2010 1537 2064 annis

242 2077 582 2149 Miraturque
598 2078 743 2146 nihil,
769 2078 870 2133 nisi
896 2078 1035 2150 quod
1059 2079 1292 2135 Libitina
1311 2075 1550 2135 sacravit.

242 2147 446 2204 Ennius
471 2154 525 2202 et
550 2149 755 2219 sapiens
780 2152 834 2203 et
860 2148 1010 2204 fortis
1034 2153 1088 2204 et
1114 2150 1247 2205 alter
1271 2150 1551 2216 Homerus,
1763 2148 1822 2204 50

243 2217 325 2273 Ut
351 2218 518 2274 critici
543 2217 741 2283 dicunt,
768 2219 951 2274 leviter
974 2238 1155 2275 curare
1178 2218 1398 2286 videtur,

243 2288 359 2352 Quo
381 2287 636 2368 promissa
660 2287 847 2344 cadant
871 2293 925 2343 et
949 2290 1148 2345 somnia
1172 2290 1516 2361 Pythagorea.

240 2356 459 2412 Naevius
483 2358 539 2411 in
561 2358 798 2414 manibus
823 2376 928 2412 non
952 2365 1035 2414 est
1064 2365 1117 2414 et
1143 2360 1403 2414 mentibus
1429 2360 1591 2414 haeret

242 2427 397 2480 Paene
422 2427 641 2483 recens?
719 2428 862 2483 Adeo
888 2433 1125 2484 sanctum
1152 2434 1236 2484 est
1259 2434 1412 2484 vetus
1437 2447 1587 2483 omne
1613 2432 1810 2500 poema-

239 2494 542 2566 Ambigitur
565 2497 804 2567 quotiens
829 2505 948 2553 uter
970 2504 1091 2553 utro
1118 2499 1187 2552 sit
1212 2499 1365 2570 prior,
1394 2499 1563 2554 aufert

246 2564 503 2620 Pacuvius
531 2565 671 2621 docti
695 2567 878 2621 famam
906 2569 1061 2632 senis,
1086 2568 1279 2622 Accius
1304 2567 1414 2633 alti,

241 2630 451 2698 Dicitur
472 2634 661 2690 Afrani
687 2640 812 2708 toga
835 2638 1136 2693 convenisse
1159 2637 1469 2704 Menandro,

508 2727 514 2733 ·
539 2728 559 2750 ⁸
582 2719 734 2761 scitius
1328 2725 1349 2754 b
1374 2722 1543 2764 etitem
