2031 2952
292 99 384 151 vm
516 82 520 85 ’
925 101 1258 154 ΑΝΟΝΥΜῙ

294 213 342 269 Ε
379 212 517 268 odon
546 211 601 279 i.‚
629 213 853 269 Carmen
886 214 1146 281 Seculare,
1177 215 1486 270 Sermonum
1516 214 1608 271 lib.
1638 216 1718 285 ii.,
1749 215 1915 288 Epis-

232 289 351 355 ‚4110
372 303 517 339 arum
552 282 621 351 ii.,
660 285 742 340 De
779 286 910 341 Arte
950 286 1169 342 Postica
1192 285 1227 341 i.
1303 287 1655 343 Commentati
1691 291 1817 343 sunt
1853 288 1918 343 in

295 354 440 411 illum
463 354 806 428 Porphyrion,
829 356 1123 424 Modestus,
1146 355 1405 413 Helenius
1429 359 1635 413 Acron:
1675 357 1916 414 omnium

298 428 473 482 autem
496 426 696 499 optime
722 429 917 483 Acron.

917 525 952 565 3.
986 524 1278 566 ANONYMI.

257 594 286 644 1
369 582 597 662 Quintus
621 590 878 646 Horatius
911 590 1130 648 Flaccus
1156 594 1316 664 poeta
1340 591 1439 647 fuit
1472 591 1664 664 lyricus
1697 595 1752 647 et
1786 590 1918 648 sati-

291 661 436 718 ricus
459 663 626 735 patria
648 661 970 725 VenusinuS,
993 662 1197 718 dicente
1223 662 1258 716 J
1259 663 1474 718 uvenale
1502 662 1672 718 Satira
1688 662 1881 735 prima‘
1897 687 1914 719 ε

435 751 472 775 “
486 749 604 796 Haec
624 763 714 808 ego
734 763 836 795 non
857 749 1053 796 credam
1074 749 1323 796 Venusina
1346 750 1496 809 digna
1515 750 1711 796 lucerna
1727 748 1774 796 ‘3'’

249 834 283 882 2
298 826 523 899 Fuitque
561 829 714 881 natus
757 829 904 897 patre
947 825 1208 892 libertin0‚
1250 828 1412 898 cujus
1438 825 1513 881 rei
1551 824 1912 881 testimonium

297 898 398 954 hoc
420 899 477 953 in
498 897 748 968 Epistolis
773 895 1013 952 eximium
1044 915 1158 952 esse
1183 895 1446 952 videmus:

429 987 466 1012 “
475 974 557 1033 Me
576 985 799 1032 libertino
819 989 989 1031 natum
1013 988 1169 1042 patre,
1193 983 1314 1029 etin
1336 983 1473 1029 tenui
1492 997 1546 1028 re

475 1045 682 1104 Majores
702 1058 885 1103 pennas
902 1043 1015 1089 nido
1040 1043 1316 1089 extendisse
1335 1041 1544 1100 loqueris
1562 1056 1575 1098 ;

477 1104 550 1151 Ut
568 1111 802 1164 quantum
821 1103 985 1162 generi
1008 1102 1190 1159 demas,
1218 1102 1482 1146 virtutibus
1502 1099 1655 1152 addas
1669 1099 1741 1147 εἶ’

251 1190 284 1237 3
303 1182 514 1264 Statura
536 1180 634 1235 fuit
659 1179 818 1246 brevi,
848 1179 1004 1234 obeso
1033 1195 1247 1249 corpore
1272 1180 1326 1232 et
1362 1174 1526 1231 oculis
1558 1174 1744 1247 lippis:
1786 1174 1910 1230 hinc

190 1314 199 1322 ’
302 1270 457 1350 lpse&
473 1321 701 1381 Corporis
720 1320 896 1380 exigui,
925 1303 1216 1379 praecanum,
1244 1317 1424 1364 solibus
1444 1320 1631 1376 aptum,

478 1381 629 1429 Irasci
647 1379 868 1437 celerem,
892 1383 1059 1426 tamen
1080 1381 1138 1424 ut
1158 1376 1414 1436 placabilis
1433 1390 1586 1422 essem
1601 1373 1675 1422 ²².”

304 1444 358 1499 et
383 1440 524 1515 ipse:
641 1522 646 1527 ι

424 1529 601 1578 “Nam
618 1532 819 1593 vigilare
838 1535 1021 1583 malum
1044 1537 1207 1585 crudis
1226 1540 1278 1584 et
1302 1537 1467 1584 ludere
1486 1533 1704 1596 lipp‘isiss’
1771 1567 1780 1572 -

254 1614 289 1660 4
304 1605 464 1662 Hunc
487 1611 634 1679 pater
656 1608 714 1665 in
735 1614 916 1667 tenera
940 1616 1096 1669 aetate
1126 1615 1344 1669 Romam
1372 1612 1513 1668 misit
1537 1612 1592 1668 in
1614 1610 1794 1667 ludum
1818 1610 1905 1667 lit-

256 1686 288 1735 5
304 1680 545 1733 terarum.
619 1679 836 1748 Deinde,
857 1701 977 1738 cum
994 1684 1104 1756 jam
1128 1684 1324 1742 litteris
1347 1682 1643 1740 liberalibus
1669 1681 1905 1738 eruditus

302 1752 456 1814 esset,
483 1749 715 1805 Athenas
748 1752 947 1822 philoso
983 1754 1084 1810 hiae
1118 1774 1274 1811 causa
1310 1773 1366 1811 se
1402 1754 1659 1820 contulit3
1698 1756 1753 1808 et
1785 1771 1905 1809 cum

303 1817 633 1875 doctissimus
658 1823 923 1890 evasisset,
971 1824 1353 1882 amiliaritatem
1377 1824 1456 1879 M.
1482 1823 1637 1879 Bruti
1660 1822 1902 1878 occisoris

304 1887 521 1944 Caesaris
545 1890 763 1964 adeptus
789 1897 886 1960 est,
908 1893 1181 1968 factusque
1209 1895 1271 1951 ab
1299 1894 1389 1951 illo
1415 1893 1656 1949 tribunus
1681 1893 1905 1948 militum

254 1967 287 2015 6
304 1964 485 2015 contra
520 1961 757 2017 Marcum
792 1965 1080 2022 Antonium
1119 1971 1173 2022 et
1212 1968 1529 2037 Augustum.
1623 1963 1727 2020 Sed
1762 1963 1902 2019 victo

303 2029 470 2085 Bruto
494 2049 562 2087 ex
585 2031 719 2089 bello
745 2035 962 2109 aufugit,
987 2037 1101 2109 ipso
1129 2035 1334 2093 dicente
1357 2035 1412 2091 in
1437 2033 1598 2092 Odis:
1867 2060 1871 2064 ·

544 2120 581 2146 “
594 2120 773 2168 Tecum
797 2123 1047 2182 Philippos
1070 2129 1123 2170 et
1142 2123 1346 2171 celerem
1365 2124 1533 2181 fugam

600 2179 753 2241 Sensi,
774 2181 944 2229 relicta
962 2197 1060 2230 non
1082 2182 1205 2229 bene
1225 2180 1521 2242 parmulaJ.'’

305 2239 360 2293 et
384 2235 576 2296 ibidem
597 2265 608 2296 :
643 2286 647 2291 .

545 2312 579 2337 “
595 2311 691 2359 Sed
711 2308 789 2359 me
807 2326 897 2372 per
914 2312 1106 2358 hostem
1128 2311 1233 2371 (sic)
1255 2309 1526 2358 Mercurius
1542 2309 1668 2356 celer

598 2370 759 2417 Denso
780 2374 1036 2430 paventem
1057 2371 1254 2418 sustulit
1273 2369 1435 2418 aeress’

181 2438 230 2501 ’1,
253 2446 288 2495 8
305 2442 405 2499 Cui
430 2443 612 2499 deinde
638 2445 912 2516 Augustus
939 2444 1240 2502 Maecenatis
1329 2442 1434 2500 atia
1464 2441 1696 2499 in'dulsit.
1770 2441 1897 2499 Ideo

305 2514 559 2570 Horatius
591 2514 647 2569 in
682 2515 918 2572 omnibus
955 2514 1197 2588 operibus
1297 2514 1513 2571 aecenati
1542 2512 1899 2571 venerabiliter

306 2585 563 2658 assurgit:
602 2585 657 2641 in
681 2585 1006 2641 Carminibus
1026 2608 1042 2641 ε
1627 2593 1632 2600 ’

506 2672 525 2702 t
545 2683 587 2713 v.
607 2673 669 2728 51.
861 2681 882 2710 ε
906 2673 937 2711 i.
955 2671 1021 2712 20.
1038 2671 1105 2714 20.
1297 2672 1318 2701 h
1344 2670 1486 2731 Epist.
1504 2671 1535 2711 i.
1554 2671 1617 2711 20.
1637 2670 1702 2712 24.

632 2730 644 2751 ²
667 2722 761 2763 Sat.
779 2721 810 2762 i.
829 2721 869 2762 5.
887 2721 951 2763 49.
1293 2722 1309 2759 «1
1335 2722 1384 2762 ὶι.
1408 2722 1446 2762 7.
1465 2722 1504 2771 9,
1525 2722 1589 2762 13.
