2031 2952
644 145 925 195 EPODON
958 146 1167 195 CARM.
1195 118 1250 195 ‘51
1648 151 1744 198 111

296 262 425 332 Quae
452 260 619 315 sidera
642 263 918 314 excantata
940 278 1068 314 voce
1093 260 1339 315 Thessala

364 333 666 402 Lunamque
692 330 820 386 coelo
846 329 1050 402 deripit.
1325 334 1331 339 ’

295 405 401 459 Hic
425 403 723 457 irresectum
752 420 885 456 saeva
909 401 1065 455 dente
1088 400 1246 456 livido

367 472 582 528 Canidia
604 471 793 527 rodens
818 471 1053 537 pollicem

296 545 430 614 Quid
457 543 587 598 dixit
612 547 703 598 aut
729 542 854 613 quid
877 542 1082 597 tacuit?
1123 547 1155 570 “
1172 542 1219 597 O
1244 543 1399 599 rebus
1425 544 1554 600 meis

365 615 491 670 Non
512 612 742 668 infideles
769 612 989 678 arbitrae,
1069 644 1073 651 ·
1679 616 1748 670 50

298 687 422 742 Nox
445 689 499 740 et
523 684 709 750 Diana,
738 700 855 754 quae
877 682 1138 738 silentium
1164 683 1319 755 regiS,
1774 678 1781 691 ’

365 759 567 812 Arcana
591 774 748 826 quum
774 754 907 808 fiunt
934 773 1095 820 sacra,

296 829 454 883 Nunc
480 844 617 880 nunc
644 824 836 889 adeste,
864 843 1000 879 nunc
1026 825 1080 878 in
1107 824 1322 880 hostiles
1349 823 1527 880 domos

365 899 504 953 Iram
531 900 687 978 atque
711 914 903 950 numen
925 895 1144 950 vertite!

296 967 662 1023 Formidoloffls
687 965 808 1021 dum
834 966 997 1021 latent
1025 966 1168 1020 silvis
1192 966 1313 1021 ferae

369 1039 528 1094 Dulci
553 1056 737 1109 sopore
760 1037 1033 1107 languidae,

304 1111 505 1174 Senem,
534 1107 671 1180 quod
696 1126 872 1162 omnes
896 1106 1115 1172 rideant,
1146 1105 1432 1162 adulterum

370 1182 587 1234 Lati-ent
613 1178 894 1233 Suburanae
918 1196 1074 1232 canes

301 1251 483 1307 Nardo
507 1254 832 1321 perunctum,
861 1248 1009 1319 quale
1035 1265 1141 1302 non
1165 1247 1447 1319 perfectius

370 1322 509 1376 Meae
531 1319 811 1376 laborarint
836 1338 1108 1374 manuS.—
1685 1323 1759 1379 ὂς,

305 1391 444 1461 Quid
469 1391 692 1447 accidit?
733 1391 834 1443 Cur
859 1388 967 1443 dira
992 1388 1221 1444 barbarae
1249 1388 1417 1445 minus

372 1463 590 1518 Venena
611 1459 814 1516 Medeae
838 1458 1052 1514 valent?

303 1534 504 1603 Quibus
531 1532 799 1601 superbam
826 1531 962 1596 fugit
986 1530 1099 1585 ulta
1123 1529 1369 1602 pellicem,

276 1643 290 1654 ·
370 1603 554 1676 Magni
580 1603 821 1658 Creontis
849 1602 1018 1667 filiam,

305 1676 477 1741 Quum
501 1674 650 1746 palla,
677 1673 800 1728 tabo
824 1690 1012 1727 munus
1038 1671 1312 1738 imbutum,
1340 1690 1526 1727 novam

375 1744 625 1801 lucendio
648 1748 867 1815 nuptam
884 1742 1126 1797 abstulit.

309 1817 381 1871 At
416 1816 472 1871 ui
495 1834 590 1871 nec
613 1814 773 1869 herba
794 1832 889 1869 nec
912 1814 1082 1869 latens
1106 1812 1162 1867 in
1187 1813 1382 1886 asperis

429 1886 546 1941 adix
570 1886 749 1941 fefellit
774 1904 856 1940 me
879 1883 1023 1939 lociS.

308 1957 562 2012 Indormit
585 1956 758 2012 unctis
784 1956 1008 2010 omnium
1040 1953 1296 2011 cubilibus

376 2028 649 2083 Oblivione
674 2026 932 2095 pellicum.
1695 2025 1766 2082 ‘70
1872 1999 1876 2003 >

310 2099 394 2153 Ah
418 2100 511 2154 ah!
552 2097 756 2153 solutus
780 2096 1008 2152 ambulat
1038 2095 1276 2151 veneficae

384 2168 682 2225 Scientioris
709 2168 949 2224 carmine.

312 2242 431 2295 Non
456 2240 679 2306 usitatiS‚
704 2239 860 2303 Vare,
889 2237 1205 2309 potionibu8‚

382 2312 425 2365 Ο
450 2310 612 2365 multa
635 2310 873 2365 fleturum
903 2314 1077 2380 caput,

311 2379 397 2436 Ad
421 2400 502 2435 me
526 2400 759 2436 recurres
779 2396 878 2434 nec
901 2386 1086 2434 vocata
1109 2396 1253 2434 mens
1278 2381 1371 2431 tua

380 2451 572 2505 Marsis
597 2451 785 2505 redibit
807 2450 1040 2505 vocibus

312 2521 488 2588 Majus
513 2520 718 2591 parabo,
746 2521 911 2591 majus
935 2518 1202 2574 infundam
1227 2516 1325 2572 tibi

386 2591 689 2646 Fastidienti
713 2591 972 2662 poculum,

316 2661 570 2731 Priusque
594 2660 773 2716 coelum
801 2660 936 2716 sidet
960 2660 1172 2715 inferius
1199 2658 1343 2724 mari,

386 2730 593 2786 Tellure
618 2741 855 2801 porrecta
879 2750 1051 2801 super,
1706 2728 1774 2781 80
