2031 2952
623 141 1000 191 CARMINUM
1037 144 1139 193 111.
1173 148 1219 193 4.

338 256 512 311 Finire
537 261 850 328 quaerentem
874 257 1076 313 labores

409 327 579 383 Pierio
602 329 845 382 recreatis
871 333 1037 383 antro.

269 397 380 452 Vos
403 399 516 452 lene
541 398 810 453 consilium
837 406 889 453 et
915 399 1052 453 datis
1077 404 1130 454 et
1156 399 1276 456 dato

272 469 535 535 Gaudeti5‚
563 469 722 524 almae.
796 471 1010 535 ScimuS,
1039 475 1099 525 ut
1124 471 1307 543 impios

339 540 549 594 Titanas
573 540 945 607 immanemque
969 546 1192 595 turmam

407 610 643 664 Fulmine
668 611 936 665 sustulerit
960 611 1168 678 caducO,

271 680 377 740 Qui
400 685 591 735 terram
615 681 848 746 inertem,
877 682 967 752 qui
990 701 1128 737 mare
1153 687 1405 753 temperat

270 752 576 816 Ventosum,
604 758 657 806 et
682 751 836 807 urbes
862 771 1122 825 regnaque
1148 754 1319 809 tristia

340 821 603 894 Divosque
626 822 972 894 mortalesque
997 825 1179 878 turbas

410 893 635 965 Imperio
662 893 798 963 regit
824 913 957 947 unus
984 913 1146 965 aequo.

270 962 520 1034 Magnum
547 963 633 1016 illa
655 968 903 1018 terrorem
928 965 1174 1019 intulerat
1198 964 1232 1019 J
1235 964 1320 1019 ovi

271 1034 462 1088 Fidens
480 1034 729 1105 juventus
756 1034 963 1089 horrida
987 1035 1218 1101 brachiis

340 1105 384 1157 F
385 1109 652 1176 ratresque
676 1105 950 1159 tendentes
977 1124 1138 1176 opaco

363 1179 367 1184 ’
408 1175 591 1230 Pelion
612 1176 918 1246 imposuisse
940 1176 1181 1248 Olympo.

272 1246 375 1301 Sed
400 1246 524 1319 quid
547 1248 826 1318 Typhoeus
850 1253 903 1300 et
930 1246 1129 1301 validus
1153 1246 1344 1301 Mimas

270 1320 377 1372 Aut
403 1318 523 1389 quid
549 1319 732 1372 minaci
761 1318 1082 1388 Porphyrion
1106 1323 1263 1383 statu,

339 1387 483 1447 Quid
510 1390 728 1443 Rhoetus
753 1389 1049 1459 evulsisque
1073 1389 1271 1444 truncis

406 1459 696 1515 Enceladus
716 1458 973 1530 jaculator
998 1458 1170 1513 audax

268 1529 463 1584 Contra
488 1538 754 1585 sonantem
779 1530 1004 1585 Palladis
1030 1530 1194 1602 aegida

270 1601 491 1655 Possent
517 1603 766 1656 ruentes?
839 1602 981 1655 Hinc
1005 1601 1186 1656 avidus
1211 1600 1361 1656 stetit

292 1699 297 1704 ·
337 1671 620 1735 Vulcanus,
647 1671 766 1727 hinc
792 1679 1023 1726 matrona
1047 1673 1080 1725 J
1084 1691 1187 1727 uno
1211 1677 1264 1727 et

407 1742 685 1814 Nunquam
713 1743 937 1797 humeris
967 1743 1228 1810 positurus
1254 1760 1444 1806 arcum,

268 1811 372 1881 Qui
395 1831 510 1866 rore
573 1832 664 1867 uro
691 1812 931 1868 Castaliae
957 1813 1084 1868 lavit

269 1882 450 1937 Crines
477 1902 533 1938 so
555 1889 690 1949 utos,
719 1884 806 1954 qui
832 1884 1007 1952 Lyciae
1032 1888 1180 1939 tenet

336 1953 565 2009 Dumeta
587 1954 911 2025 natalemque
937 1954 1133 2019 silvam,

408 2024 592 2080 Delius
616 2032 669 2079 et
694 2025 946 2079 Patareus
971 2025 1178 2095 Apollo,

263 2093 363 2150 Vis
386 2096 571 2150 consili
597 2113 782 2165 expers
811 2094 940 2149 mole
966 2096 1073 2149 ruit
1099 2113 1222 2160 sua;

261 2164 385 2221 Vim
412 2171 747 2237 temperatam
776 2167 846 2219 Di
871 2183 1076 2236 quoque
1103 2163 1391 2235 provehunt

335 2237 403 2291 In
429 2241 624 2307 majus;
663 2236 801 2290 idem
826 2236 979 2291 odere
1007 2237 1141 2290 vires

405 2307 571 2362 Omne
596 2307 739 2361 nefas
765 2307 933 2360 animo
959 2308 1242 2360 moventes.
1290 2320 1296 2327 ·

264 2375 436 2432 Testis
462 2396 691 2432 mearum
716 2377 1037 2431 centimanus
1066 2377 1204 2446 Gyas
1220 2385 1240 2409 ‘²

266 2447 668 2512 Sententiarum,
695 2457 852 2501 notus
877 2453 931 2501 et
956 2447 1171 2519 integrae

336 2519 588 2574 Tentator
612 2518 773 2573 Orion
799 2518 996 2584 Dianae,

404 2589 655 2660 Virginea
679 2588 906 2643 domitus
933 2587 1139 2659 sagitta.

745 2732 763 2751 ⁶
789 2724 933 2774 Gyges
982 2724 1108 2773 sicas

1659 146 1723 199 57

1653 331 1724 386 40

1653 1036 1723 1090 50

1650 1740 1720 1794 60

1651 2442 1721 2502 70
