2031 2952
543 116 946 166 SATIRARUM
978 115 1054 166 ΙΙ.
1088 121 1135 176 4,
1170 115 1218 166 5.
1578 115 1678 168 175

89 232 276 292 Nudus
298 231 551 304 inopsque
577 232 782 288 domum
804 231 1027 298 redeam,
1054 235 1108 287 te
1131 234 1267 297 vate,
1294 249 1462 303 neque
1488 229 1593 287 illic

90 308 200 360 Aut
224 303 473 376 apotheca
496 304 664 375 procis
688 304 883 359 intacta
906 309 987 358 est
1013 307 1103 357 aut
1128 320 1283 373 pecus
1297 325 1312 368 ;
1352 302 1501 397 atqui

90 376 162 431 Et
186 393 348 446 genus
372 379 426 430 et
449 375 616 429 virtus
640 374 738 430 nisi
763 393 881 430 cum
906 394 961 430 re
985 374 1138 429 vilior
1160 373 1277 445 alga
1300 375 1416 427 est.'

95 451 130 474 “
145 445 363 504 Quando
388 446 680 517 pauperiem
707 446 877 501 missis
902 445 1204 516 ambagibus
1229 445 1407 499 horres

92 516 296 588 Accipe,
324 535 426 586 qua
448 517 644 571 ratione
703 536 828 571 ueas
854 517 1119 571 ditescere.
1194 514 1398 570 Turdus
1612 515 1682 571 10

94 587 211 642 Sive
234 586 373 642 aliud
398 588 599 659 privum
624 587 688 643 da
723 588 828 642 itur
852 587 963 653 tibi,
992 586 1193 641 devolet
1216 585 1352 651 illuc,

92 658 201 713 'Res
226 658 313 712 ubi
338 677 523 728 magna
546 658 694 723 nitet,
723 658 926 713 domino
951 676 1104 724 sene3
1143 657 1309 712 dulcia
1333 674 1485 728 poma

90 728 161 784 Et
189 739 519 799 quoscunque
545 729 673 784 feret
698 729 871 784 cultus
896 728 990 783 tibi
1018 728 1206 782 fundus
1232 728 1451 782 honores

92 803 235 854 Ante
256 800 412 853 larem
438 804 619 870 gustet
640 799 976 854 venerabilior
998 799 1103 854 lare
1129 798 1302 864 dives;

93 869 197 994 gui
224 872 454 941 quamvis
478 870 714 941 perjurus
739 871 853 936 erit,
882 870 992 924 sine
1018 875 1189 939 gente,
1217 872 1461 924 cruentus

134 940 353 1010 anguine
378 940 618 1006 fratern0,
647 940 911 1012 fugitivu8,
939 958 1003 994 ne
1030 946 1202 994 tamen
1226 939 1298 994 illi

93 1010 176 1065 Tu
199 1028 370 1065 comes
394 1011 634 1078 exterior,
661 1011 706 1065 si
767 1010 974 1077 ostulet,
1001 1010 1075 1065 ire
1101 1011 1360 1065 recuses.''

97 1085 133 1110 “
150 1081 295 1136 Utne
318 1086 491 1153 tegam
516 1099 703 1152 spurco
782 1100 907 1136 amae
931 1081 1108 1136 latus?
1145 1080 1281 1136 haud
1306 1080 1381 1134 ita
1405 1079 1572 1152 Trojae

95 1151 187 1205 Me
210 1153 347 1223 gessi
372 1156 575 1206 certans
601 1170 803 1223 semper
825 1151 1178 1206 melioribuS.’'
1253 1152 1444 1222 “Ergo

94 1222 300 1292 Pauper
315 1221 467 1278 eris.”
506 1227 539 1251 “
551 1222 762 1286 Fortem
782 1222 881 1276 hoc
900 1222 1123 1275 animum
1142 1222 1360 1277 tolerare
1368 1220 1566 1292 jubebo
1582 1243 1597 1287 3
1620 1221 1688 1275 20

94 1292 168 1348 Et
195 1292 450 1373 quondam
475 1293 669 1364 majora
692 1294 803 1347 tuli.
875 1293 958 1347 Tu
982 1292 1234 1362 protinus,
1260 1291 1398 1347 unde

94 1362 321 1418 Divitias
343 1365 560 1436 aerisque
584 1383 744 1429 ruam,
773 1362 855 1417 dic
879 1381 1060 1434 augur,
1087 1364 1347 1418 acerVOS.”

99 1433 276 1488 “Dixi
300 1434 537 1506 equidem
563 1440 616 1490 et
641 1434 785 1490 dico:
825 1440 1002 1506 captes
1030 1439 1235 1489 astutus
1260 1434 1453 1506 ubique

96 1505 432 1560 Testamenta
455 1524 652 1570 senum,
679 1524 796 1572 neu,
824 1505 869 1559 si
894 1506 1038 1560 vafer
1061 1524 1197 1560 unus
1223 1510 1277 1561 et
1302 1506 1431 1561 alter

96 1574 463 1632 Insidiatorem
488 1594 709 1647 praeroso
733 1575 925 1647 fugerit
950 1577 1116 1642 ham0,
1180 1635 1185 1641 ,

97 1647 211 1701 Aut
237 1665 377 1718 spem
406 1645 629 1718 deponas
655 1651 746 1702 aut
768 1652 931 1701 artem
957 1648 1137 1702 illusus
1162 1647 1389 1703 omittas.

98 1716 298 1788 Magna
321 1717 549 1773 minorve
574 1719 686 1773 foro
713 1718 758 1772 si
781 1736 863 1772 res
888 1718 1174 1773 certabitur
1199 1718 1336 1784 olim,

98 1787 263 1842 Vivet
286 1794 407 1844 uter
428 1788 659 1860 locuples
685 1790 794 1843 sine
819 1790 1008 1860 gnatis,
1035 1788 1315 1855 improbuS,
1343 1787 1481 1843 ultro

98 1857 206 1927 Qui
230 1859 492 1915 meliorem
517 1859 687 1914 audax
710 1868 858 1915 vocet
882 1861 936 1915 in
955 1860 1060 1932 jusi,
1087 1860 1224 1914 illius
1249 1865 1365 1914 esto

100 1930 360 1986 Defensor
373 1954 388 1997 ;
428 1930 566 1985 fama
587 1930 750 1985 civem
775 1949 1029 2001 causaque
1054 1932 1272 2002 priorem
1454 1982 1457 1986 ,
1624 1928 1693 1982 30

102 2001 140 2054 S
178 2018 314 2067 erne,
342 2001 480 2056 domi
504 2002 550 2056 si
574 2008 763 2070 gnatus
789 2002 888 2057 erit
912 2001 1195 2056 fecundave
1220 1999 1428 2070 conjux.

103 2069 120 2093 ‘
218 2069 228 2081 ’
269 2074 358 2137 te,’
373 2077 515 2144 puta,
537 2077 628 2127 aut
647 2072 1157 2140 ‘Publi,’—gaudent
1183 2069 1491 2142 praenomine
1512 2066 1691 2125 molles

100 2142 365 2197 Auriculae
388 2173 461 2186 —
484 2142 613 2199 ‘tibi
636 2161 717 2197 me
740 2144 906 2198 virt-us
932 2149 1027 2197 tua
1048 2142 1172 2196 fecit
1197 2141 1418 2195 amicum
1431 2162 1449 2206 ;

100 2211 137 2265 J
141 2230 202 2266 us
227 2230 416 2283 anceps
440 2214 575 2280 novi,
604 2232 784 2268 causas
811 2212 1082 2267 defendere
1108 2230 1317 2283 possum

101 2281 305 2352 Eripiet
330 2285 497 2353 quivis
524 2285 702 2340 oculos
727 2284 881 2339 citius
907 2283 1046 2349 mihi,
1074 2301 1225 2354 quam
1250 2288 1306 2336 te

104 2351 325 2407 Contem
362 2359 474 2409 tum
498 2373 644 2411 cassa
667 2373 800 2409 nuce
823 2357 1106 2435 pauperet3
1144 2354 1252 2409 haec
1275 2369 1389 2407 mea
1413 2369 1537 2407 cura
1560 2352 1658 2416 est,

102 2422 192 2479 Ne
219 2374 360 2494 quid,
367 2431 428 2480 tu
451 2428 649 2497 perdas,
676 2443 779 2479 neu
803 2443 873 2480 Sis
890 2427 1078 2495 jocus?
1152 2424 1239 2479 Ire
1264 2422 1473 2478 domum
1496 2426 1652 2494 atque

103 2492 410 2550 Pelliculam
433 2515 612 2552 curare
631 2496 756 2567 jube
782 2517 794 2557 ς
831 2496 866 2550 fi
892 2494 1126 2565 cognitor
1149 2495 1289 2565 ipse:

103 2563 294 2620 Per-sta
317 2573 473 2638 atque
497 2566 706 2631 obdura,
735 2585 823 2621 seu
852 2566 1007 2620 rubra
1033 2565 1281 2621 Canicula
1303 2563 1463 2621 findet

103 2635 340 2692 Infantes
367 2648 582 2704 statuas,
609 2656 702 2692 seu
726 2636 906 2708 pingui
930 2641 1107 2691 tentus
1133 2654 1307 2692 omaso
1621 2635 1692 2692 40

64 2741 69 2746 »
103 2706 297 2764 Furius
322 2707 558 2764 hibernas
583 2726 712 2763 cana
731 2708 849 2762 nive
874 2715 1128 2780 conspuet
1150 2707 1327 2780 Alpes.
