2031 2952
324 151 387 199 is
810 116 815 127 ’
930 126 939 135 ’
966 144 1260 194 HoRA'm

461 261 576 317 Nec
600 257 866 314 Martiales
892 257 1129 313 Haediliae
1146 268 1163 291 ⁵
1187 257 1351 328 lupos,

461 333 742 401 Utcunque
767 329 921 395 dulci,
947 328 1187 400 Tyndari,
1214 328 1388 383 fistula
1837 328 1906 382 10

533 400 708 459 Valles
733 405 786 454 et
811 398 1010 454 Usticae
1035 398 1274 454 cubantis

601 470 763 525 Levia
785 487 1091 541 personuere
1115 487 1255 524 saxa.

464 543 537 597 Di
561 560 642 596 me
667 544 897 606 tuentur,
928 541 1025 594 Dis
1049 539 1213 610 pietas
1239 558 1353 594 mea

464 614 536 669 Et
561 612 717 666 Musa
740 610 878 665 cordi
905 615 1001 665 est.
1075 610 1182 664 Hic
1207 609 1305 665 tibi
1329 608 1479 679 copia

534 681 767 739 Manabit
793 680 858 735 ad
882 680 1086 751 plenum
1112 679 1334 750 benigno

606 753 768 807 Ruris
792 752 1042 805 honorum
1066 750 1314 820 opulenta
1338 767 1515 804 cornu.

467 823 574 879 Hic
597 823 652 877 in
675 823 885 876 reducta
906 820 1039 876 valle
1065 821 1325 876 Caniculae

470 892 674 949 Vitabis
698 896 855 947 aestus
880 898 933 946 et
958 891 1058 945 fide
1083 892 1210 946 Teia

540 963 697 1019 Dices
722 962 1008 1017 laborantes
1034 963 1089 1016 in
1113 980 1215 1016 uno
1475 1018 1481 1025 ‚

610 1034 898 1103 Penelopen
922 1033 1237 1101 vitreamque
1264 1031 1467 1086 Circen.
1843 1030 1917 1083 20

470 1104 576 1160 Hic
598 1104 881 1159 innocentis
907 1102 1091 1174 pocula
1114 1102 1293 1156 Lesbii

470 1177 646 1231 Duces
671 1174 766 1229 sub
792 1174 1004 1238 umbra;
1041 1191 1137 1227 nec
1163 1170 1443 1227 Semeleius

542 1245 674 1299 Cum
700 1245 872 1299 Marte
898 1243 1176 1299 confundet
1202 1243 1474 1312 Thyoneus

612 1315 810 1380 Proelia,
835 1333 930 1370 nec
954 1321 1151 1369 metues
1178 1321 1475 1384 protervum

473 1388 726 1457 Suspecta
749 1385 954 1456 Cyrum,
980 1403 1047 1439 ne
1071 1383 1199 1439 male
1225 1382 1415 1455 dispari

475 1456 859 1512 Incontinentes
883 1455 1078 1527 injiciat
1103 1473 1283 1510 manus

542 1528 612 1583 Et
637 1527 837 1583 scindat
861 1527 1138 1582 haerentem
1163 1543 1402 1581 coronam

615 1597 853 1653 Crinibus
877 1597 1282 1668 immeritamque
1308 1599 1518 1651 vestem.

456 1758 767 1814 CARMEN
802 1758 1163 1850 XVIIl.—An
1201 1772 1544 1815 ommutuit
1579 1770 1799 1811 vannis.

343 1878 391 1933 N
397 1895 597 1944 ULMM,
622 1879 775 1944 Vare,
802 1897 947 1934 sacra
968 1881 1078 1934 vite
1103 1878 1244 1950 prius
1270 1880 1461 1934 severis
1487 1876 1719 1933 arborem

339 1950 491 2004 Circa
514 1950 636 2005 mite
660 1950 824 2005 solum
848 1950 1053 2005 Tiburis
1080 1956 1134 2005 et
1158 1950 1343 2004 moenia
1366 1949 1534 2003 Catili.

340 2020 499 2076 Siccis
524 2022 691 2075 omnia
713 2038 827 2073 nam
855 2019 982 2074 dura
1006 2020 1152 2075 Deus
1213 2020 1449 2091 roposuit
1473 2035 1637 2091 neque

338 2090 610 2145 Mordaces
635 2091 782 2145 aliter
807 2089 1085 2160 diffugiunt
1112 2039 1496 2145 sofficitudines.

337 2161 467 2230 Quis
492 2165 611 2233 post
633 2161 755 2217 vina
777 2179 986 2230 gravem
1010 2160 1242 2215 militiam
1266 2164 1355 2215 aut
1381 2157 1672 2232 pauperiem
1697 2162 1945 2230 crepat?

339 2231 472 2291 Quis
491 2250 592 2287 non
610 2236 666 2288 te
685 2234 872 2302 potius,
894 2231 1098 2287 Bacche
1117 2235 1278 2303 pater,
1299 2235 1469 2303 teque,
1490 2230 1674 2284 decens
1692 2227 1902 2286 Venus
1919 2236 1945 2285 Ρ

339 2305 428 2368 At,
455 2321 519 2357 ne
545 2303 659 2373 quis
684 2302 869 2357 modici
893 2302 1147 2357 transiliat
1172 2320 1382 2356 munera
1406 2299 1597 2365 Liberi,

341 2371 630 2427 Centaurea
652 2376 824 2427 monet
850 2390 966 2426 cum
990 2372 1226 2444 Lapithis
1251 2372 1363 2425 rixa
1387 2390 1543 2442 super
1569 2385 1708 2424 mero

338 2441 624 2507 Debellata‚
648 2448 822 2497 monet
849 2442 1097 2497 Sithoniis
1123 2461 1228 2496 non
1250 2440 1375 2497 levis
1401 2441 1581 2507 Evius,

340 2512 516 2580 Quum
539 2512 615 2565 fas
639 2516 792 2581 atque
817 2512 960 2566 nefas
984 2512 1173 2583 exiguo
1198 2512 1296 2565 fine
1321 2512 1590 2567 libidinum
1873 2516 1950 2570 10

340 2582 655 2637 Discernnnt
679 2581 830 2660 aridi.
904 2582 1029 2637 Non
1053 2600 1149 2652 ego
1172 2586 1241 2647 te,
1268 2581 1480 2637 candide
1506 2583 1778 2650 Bassareu,

342 2652 571 2706 Invitum
598 2657 823 2722 quatiam
847 2669 942 2707 nec
967 2652 1120 2706 variis
1145 2651 1312 2706 obsita
1336 2652 1598 2707 frondibus

1012 2748 1029 2765 ·
1051 2737 1233 2778 hoedulii
