2031 2952
255 124 357 172 200
904 120 1202 171 HORATII

147 278 156 287 .
255 237 490 308 Occupat
517 238 571 292 et
597 235 793 293 salvere
809 235 965 306 jubet
988 236 1149 317 prior:
1219 233 1317 291 Ille
1341 232 1583 309 Philippo

256 309 520 364 Excusare
543 306 766 363 laborem
793 312 847 362 et
872 324 1184 362 mercenaria
1206 305 1389 373 vincla,

254 378 408 443 Quod
430 396 536 432 non
559 397 706 434 mane
734 377 941 433 domum
968 378 1209 442 venisset,
1238 376 1472 449 denique,
1499 375 1638 451 quod
1660 394 1771 432 non

256 448 574 504 Providisset
599 467 756 504 eum,>
809 453 842 477 “
860 448 943 504 Sic
965 448 1226 520 ignovisse
1288 453 1436 504 utato

255 520 348 574 Me
363 519 474 586 tibi,
491 519 537 574 si
553 537 721 575 coenas
738 519 888 575 hodie
908 520 1160 575 mecum.”
1202 523 1235 548 “
1302 523 1327 574 t
1346 518 1525 575 libet.’'
1567 522 1600 547 “
1614 517 1754 590 Ergo
1781 519 1862 578 70

257 590 386 644 Post
410 608 597 645 nonam
623 588 823 654 venies3
861 608 1000 645 nunc
1025 590 1057 655 i,
1084 609 1192 645 rem
1216 593 1461 645 strenuus
1487 589 1667 661 auge.”

256 661 336 716 Ut
360 664 574 715 ventum
597 659 661 714 ad
686 678 881 715 coenam
905 665 1001 725 est,
1030 659 1244 716 dicenda
1267 661 1483 716 tacenda
1506 659 1716 716 locutus

260 729 487 785 Tandem
512 729 788 785 dormitum
813 729 1108 786 dimittitur.
1182 730 1289 786 Hie
1315 730 1404 786 ubi
1427 748 1566 802 saepe

258 801 539 859 Occultum
562 800 702 855 visus
729 800 999 856 decurrere
1025 800 1178 871 piscis
1202 800 1268 856 ad
1291 801 1499 856 hamum

259 873 414 926 Mane
440 871 597 927 cliens
623 875 677 926 et
697 870 802 943 jam
826 875 1000 926 certus
1025 870 1252 936 conviva,
1283 871 1490 926 'ubetur

258 941 406 1012 Rura
429 941 719 997 suburbana
741 940 950 997 indictis
977 959 1148 996 comes
1172 940 1248 996 ire
1323 941 1491 996 atinis.

260 1012 542 1085 Impositus
567 1011 767 1067 mannis
792 1030 968 1067 arvum
993 1012 1277 1082 coelumque
1304 1011 1549 1065 Sabinum

260 1083 383 1139 Non
407 1089 574 1138 cessat
599 1082 825 1137 laudare.
897 1082 1059 1137 Videt
1084 1081 1320 1152 ridetque
1346 1081 1634 1152 Philippus,

262 1155 345 1220 Et,
373 1153 471 1209 sibi
495 1153 619 1208 'dum
642 1153 883 1224 requiem,
911 1150 1036 1207 dum
1058 1152 1193 1207 risus
1219 1151 1446 1224 undique
1471 1150 1675 1223 quaerit,

260 1225 399 1280 Dum
424 1228 621 1294 septem
647 1222 803 1278 donat
828 1223 1079 1287 sestertia,
1106 1229 1287 1277 mutua
1311 1241 1365 1277 se
1402 1227 1509 1277 tem
1786 1224 1863 1279 80

261 1295 548 1359 Promittit,
574 1292 849 1365 persuadet
875 1292 955 1347 uti
979 1299 1234 1348 mercetur
1259 1311 1352 1364 age
1394 1312 1497 1347 um.

260 1366 543 1420 Mereatur.
617 1364 703 1420 Ne
727 1367 780 1418 te
805 1363 973 1435 longis
998 1362 1296 1433 ambagibus
1321 1362 1459 1418 ultra

263 1437 425 1503 Quam
451 1434 577 1491 satis
601 1441 681 1490 est
706 1452 885 1501 morer,
913 1453 981 1490 ex
1004 1433 1169 1489 nitido
1194 1433 1253 1488 fit
1277 1433 1502 1490 rusticus
1527 1435 1683 1508 atque

263 1508 442 1562 Sulcos
467 1512 521 1561 et
544 1506 719 1561 vineta
741 1511 918 1577 crepat
942 1524 1085 1561 mera
1097 1528 1112 1572 3
1151 1509 1400 1586 praeparat
1423 1505 1610 1573 ulmos,

264 1576 568 1633 Immoritur
591 1576 776 1631 studiis
800 1581 853 1632 et
878 1594 1048 1631 amore
1074 1582 1294 1631 senescit
1319 1575 1554 1632 habendi.

262 1649 460 1703 Verum
484 1646 572 1702 ubi
598 1665 721 1702 oves
746 1646 906 1713 furt0,
932 1646 1112 1701 morbo
1137 1646 1331 1718 periere
1356 1646 1583 1718 capelloe,

266 1720 418 1789 Spem
444 1717 659 1772 mentita
682 1735 845 1787 seges,
871 1717 964 1772 bos
989 1722 1070 1772 est
1094 1724 1304 1773 enectus
1329 1716 1536 1783 arand0,

267 1789 507 1844 Offensus
534 1787 731 1843 damnis
756 1786 922 1842 media
946 1787 1010 1843 de
1037 1794 1195 1842 nocte·
1212 1787 1466 1843 caballum

264 1858 480 1931 Arripit,
511 1860 773 1982 iratusque
797 1857 970 1930 Philip
1008 1859 1026 1913 i
1049 1857 1216 1913 tendit
1243 1858 1309 1914 ad
1333 1858 1484 1914 aedeS.
1793 1857 1870 1912 89

265 1931 433 1999 Quem
459 1929 609 1984 simul
634 1948 664 1983 a
699 1928 869 2001 spexit
895 1947 983 1985 sea
1020 1948 1131 1984 rum
1167 1929 1534 2000 intonsumque
1569 1925 1867 2001 Philippus,

268 2006 300 2030 ‘⁶
322 2000 552 2066 Durus,”
577 2000 667 2067 ait,
697 2004 730 2028 “
755 1999 944 2066 Vultei,
970 2000 1122 2054 nimis
1153 2005 1486 2071 attentusque
1514 1997 1699 2053 videris

263 2073 396 2128 Esse
420 2070 592 2127 mihi.”
667 2074 701 2098 “
720 2070 817 2125 Pol
842 2090 922 2126 me
947 2071 1210 2136 miserum,
1240 2077 1468 2141 patrone,
1493 2086 1722 2133 vocares,

268 2143 324 2197 Si
350 2141 560 2207 velles,'’
585 2142 639 2197 in
676 2142 771 2209 uit,
799 2146 833 2170 ‘⁶
851 2145 1031 2198 rerum
1057 2141 1183 2195 mihi
1209 2159 1397 2210 ponere
1422 2140 1637 2194 nomen!
1758 2185 1764 2190 .

269 2210 420 2278 Quod
441 2216 494 2267 te
519 2231 612 2283 per
637 2160 858 2268 genium
886 2212 1221 2282 dextramque
1246 2211 1487 2281 Deosque
1511 2210 1735 2265 Penates

269 2282 500 2338 Obsecro
524 2287 579 2337 et
604 2283 854 2349 obtestor,
884 2283 1005 2338 vitae
1032 2300 1111 2337 me
1135 2281 1291 2336 redde
1315 2278 1521 2351 priori.’'

268 2350 376 2418 Qui
399 2351 557 2408 semel
582 2353 835 2424 adspexit,
902 2356 1115 2407 uantum
1143 2350 1350 2406 dimissa
1373 2347 1549 2421 petitis

270 2420 552 2490 Praestent,
581 2432 782 2478 mature
808 2373 987 2479 redeat
1012 2440 1069 2476 re
1106 2425 1314 2492 etatque
1338 2420 1532 2475 relicta.

264 2489 453 2557 'Metiri
478 2510 535 2548 se
560 2512 815 2566 quemque
839 2512 935 2548 suo
960 2510 1046 2548 mo
1082 2490 1171 2547 ulo
1195 2509 1255 2549 ac
1280 2489 1410 2563 pede
1434 2506 1614 2545 verum
1639 2488 1739 2543 est.
