2031 2952
514 95 896 152 CARMINUM
930 103 1002 151 11.
1040 104 1271 177 16—1s„
1614 102 1680 157 47

232 215 479 272 Tardavit
505 216 628 285 alas,
655 236 816 288 quum
839 217 1064 288 populus
1090 217 1329 288 frequens

229 287 436 343 Laetum
462 287 679 342 theatris
705 292 787 342 ter
813 287 1013 358 crepuit
1042 306 1220 341 sonum
1246 312 1257 342 :

298 357 391 412 Me
415 362 633 413 truncus
659 357 872 428 illapsus
899 357 1109 412 cerebro

373 428 680 493 Sustulerat,
705 429 806 483 nisi
831 429 1042 483 Faunus
1065 428 1229 482 ictum

231 497 436 553 Dextra
458 498 693 565 levasset,
720 498 1110 554 Mercurialium

234 569 428 624 Custos
454 569 694 625 virorum.
769 569 1010 624 Reddere
1036 567 1272 623 victimas
1616 570 1684 623 30

302 639 488 696 AEdem
526 658 589 694 ue
613 640 842 694 votivam
866 645 1154 694 memento:

375 659 758 767 Nos‘lmmilem
783 711 1027 766 feriemus
1052 728 1252 781 agnam.

542 912 549 920 ⁶
603 923 918 978 CARMEN
955 922 1169 977 XVIII.

126 1039 203 1079 DE
242 1039 620 1079 CONTINENTIA
655 1039 770 1082 QUA
808 1039 1216 1079 PAUPERTATEM
1253 1038 1404 1078 SUAM
1440 1035 1673 1079 Dlvrrns

758 1111 1040 1149 PRAEFERT.

237 1198 368 1254 NON
393 1197 522 1253 ebur
544 1215 712 1270 neque
738 1215 951 1252 aureum
1055 1232 1061 1239 ·

306 1269 434 1324 Mea
454 1268 656 1324 renidet
679 1268 729 1322 in
758 1267 910 1323 domo
936 1269 1161 1334 lacunar,

239 1339 366 1395 Non
386 1339 563 1394 trabes
587 1339 645 1393 Η
681 1339 873 1394 mettiae

310 1410 562 1464 Premunt
585 1427 645 1464 co
667 1428 848 1464 umnas
872 1408 1057 1463 ultima
1078 1408 1268 1463 recisas

240 1480 431 1545 Africa,
457 1499 623 1551 neque
648 1481 815 1535 Attali

310 1551 535 1623 Ignotus
557 1551 705 1605 heres
728 1551 922 1622 regiam
946 1550 1210 1621 occupavi,

242 1621 359 1677 Nec
382 1621 665 1677 Laconicas
689 1621 813 1676 mihi

314 1692 545 1748 Trahunt
570 1691 799 1747 honestae
824 1709 1077 1763 purpuras
1105 1691 1323 1747 clientae,

243 1763 319 1817 At
342 1762 469 1817 fides
494 1767 547 1817 et
572 1762 748 1833 ingeni*

313 1833 551 1904 Benigna
573 1852 703 1888 vena
726 1836 822 1898 est,
849 1851 1229 1904 pauperemque
1254 1831 1398 1888 dives
1626 1831 1697 1888 10

246 1904 336 1958 Me
359 1905 520 1974 petit:
559 1903 687 1957 nihil
711 1922 868 1975 supra

314 1975 456 2029 Deos
482 1974 694 2040 lacesse,
720 1992 815 2028 nec
841 1976 1107 2045 potentem
1130 1971 1351 2028 amicum

245 2044 497 2114 Largiora
518 2044 713 2115 flagito,

319 2114 456 2170 Satis
480 2114 662 2169 beatus
685 2113 851 2169 unicis
878 2114 1097 2170 Sabinis

245 2185 494 2242 Truditur
518 2184 626 2240 dies
651 2185 748 2250 die,

320 2255 585 2327 Novaeque
610 2258 834 2326 pergunt
858 2255 1069 2310 interire
1094 2254 1274 2309 Lunae.

249 2326 330 2382 Tu
355 2326 575 2381 secanda
596 2344 848 2380 marmora

319 2396 487 2452 Locas
512 2397 608 2452 sub
632 2397 801 2468 ipsum
826 2396 1001 2462 funuS,
1029 2398 1084 2450 et
1110 2393 1369 2466 sepulchri

248 2466 525 2522 Immemor
549 2469 707 2522 struis
734 2467 911 2521 domos

318 2537 586 2609 Marisque
610 2538 750 2592 Baiis
776 2537 1124 2609 obstrepentis
1148 2554 1303 2606 urges
1635 2534 1704 2589 20

251 2610 582 2664 Summovere
605 2608 771 2673 litora,
878 2647 881 2654 .

320 2679 514 2733 Parum
537 2677 771 2748 locuples
797 2677 1096 2733 continente
1120 2676 1245 2748 ripa.
