2031 2952
670 125 1100 176 ‘SATIRAR-UM
1135 125 1176 176 1.
1213 125 1260 183 5,
1293 126 1342 176 6.
1714 126 1815 183 143

223 239 468 297 Vulcano
492 260 747 297 summum
770 241 1076 315 properabat
1100 241 1323 297 lambere
1346 245 1562 298 tectum.

227 311 486 368 Convivas
512 311 687 369 avidos
712 331 910 368 coenam
933 331 1210 385 servosque
1234 314 1474 368 timentes

227 381 366 437 Tum
389 400 568 455 rapere
593 387 748 455 atque
773 402 947 438 omnes
972 384 1295 455 restinguere
1317 383 1448 440 velle
1469 383 1684 440 videres.

226 452 425 524 Incipit
450 471 517 508 ex
539 452 628 508 illo
652 458 851 509 montes
874 455 1068 525 Apulia
1089 459 1241 509 notos

226 523 508 579 Ostentare
532 524 672 591 mihi,
701 540 828 597 quos
852 527 1015 579 torret
1040 524 1311 589 Atabulus„
1338 526 1390 579 et
1416 544 1545 596 quos

229 594 515 666 Nunquam
538 612 847 666 erepsemuS,
873 594 973 650 nisi
995 613 1092 650 nos
1116 595 1285 650 vicina
1306 595 1497 652 Trivici

224 664 370 720 Villa
392 667 687 738 recepisset,
712 665 981 721 lacrimoso
1004 684 1112 720 non
1134 665 1244 721 sine
1268 665 1425 733 fumo,
1746 669 1813 721 80

227 735 382 791 Udos
405 754 523 791 cum
548 735 681 790 foliis
705 753 872 791 ramos
896 742 1080 790 urente
1104 736 1318 792 camino,

225 805 336 861 Hic
359 824 456 878 ego
481 806 775 863 mendacem
799 805 1135 862 stultissimus
1160 825 1325 878 usque
1349 806 1574 877 puellam

227 875 316 931 Ad
337 876 555 932 mediam
579 882 790 933 noctem
814 881 1089 948 exspecto:
1129 895 1338 932 somnus
1364 887 1536 932 tamen
1558 878 1725 933 aufert

226 946 498 1002 Intentum
521 948 745 1016 Veneri3
781 952 894 1003 tum
917 947 1180 1002 immundo
1205 947 1402 1002 somnia
1423 948 1538 1003 visu

229 1017 554 1073 Nocturnam
579 1023 775 1074 vestem
799 1020 1061 1073 maculant
1084 1022 1419 1090 ventremque
1444 1019 1701 1090 supinum.

225 1087 488 1156 Quattuor
511 1088 630 1145 hinc
653 1090 880 1161 rapimur
902 1089 1089 1159 viginti
1112 1093 1165 1143 et
1190 1087 1332 1142 milia
1352 1088 1539 1156 rhediS,

225 1158 466 1214 Mansuri
488 1159 748 1231 oppidulo,
776 1157 911 1230 quod
934 1177 1088 1213 versu
1111 1157 1281 1213 dicere
1304 1176 1409 1213 non
1431 1163 1528 1225 est,

230 1230 402 1302 Signis
426 1231 665 1301 perfacile
690 1234 799 1284 est:
838 1229 980 1284 venit
1004 1228 1250 1285 vilissima
1272 1247 1443 1284 rerum

228 1300 337 1355 Hic
362 1319 524 1371 aqua3
562 1299 653 1355 sed
675 1300 822 1372 panis
846 1301 998 1380 longe
1024 1299 1407 1369 pulcherrimus,
1432 1298 1570 1354 ultra

232 1370 465 1425 Callidus
489 1374 551 1425 ut
575 1370 738 1425 soleat
762 1370 987 1425 humeris
1012 1375 1217 1440 portare
1241 1370 1441 1435 viator3
1744 1373 1813 1426 90

230 1441 369 1497 Nam
395 1441 590 1497 Canusi
611 1439 889 1513 lapidosus,
915 1458 1061 1512 aquae
1085 1458 1189 1495 non
1212 1438 1367 1495 ditior
1391 1440 1521 1496 urna
1534 1462 1551 1509 ;

231 1512 341 1572 Qui
363 1512 508 1567 locus
533 1531 565 1567 a
585 1512 708 1566 forti
730 1510 980 1566 Diomede
1004 1515 1085 1566 est
1110 1510 1347 1566 conditus
1372 1511 1509 1568 olim.

229 1581 502 1639 Flentibus
526 1582 647 1637 hinc
670 1582 862 1637 Varius
888 1581 1105 1637 discedit
1130 1587 1340 1637 maestus
1364 1582 1553 1638 amicis.

227 1653 361 1709 Inde
386 1653 570 1709 Rubos
592 1653 717 1708 fessi
776 1653 1080 1718 ervenimus,
1107 1657 1290 1724 utpote
1316 1653 1523 1723 longum

229 1725 516 1796 Carpentes
539 1724 640 1780 iter
663 1728 716 1779 et
762 1730 933 1779 actum
957 1726 1248 1793 corruptius
1272 1724 1439 1779 imbri.

225 1794 447 1851 Postera
468 1799 748 1867 tempestas
773 1795 968 1859 melior,
993 1795 1077 1848 via
1100 1794 1242 1866 pejor
1264 1794 1493 1866 adusque

226 1864 351 1921 Bari
374 1867 560 1922 moenia
582 1865 772 1937 piscosi
792 1885 806 1931 ;
843 1865 960 1920 dein
985 1865 1188 1931 Gnatia,
1212 1864 1433 1936 lymphis

227 1935 386 1991 Iratis
410 1941 693 2003 exstructa,
720 1935 862 1991 dedit
885 1936 1123 2006 risusque
1141 1935 1403 2006 jocosque,

226 2005 369 2061 Dum
394 2008 598 2062 flamma
621 2008 732 2062 sine
756 2007 912 2061 thura
932 2006 1214 2079 liquescere
1236 2005 1412 2059 limine
1436 2024 1581 2062 sacro

229 2076 547 2132 Persuadere
572 2078 732 2150 cupit.
807 2077 998 2133 Credat
1023 2077 1057 2130 J
1059 2076 1235 2131 udaeus
1259 2075 1456 2147 Apella,
1711 2077 1813 2130 100

231 2146 355 2202 Non
377 2166 504 2219 ego:
542 2166 763 2220 namque
786 2148 929 2202 Deos
955 2147 1110 2202 didici
1133 2164 1370 2201 securum
1392 2164 1546 2217 agere
1570 2165 1752 2213 sevum,

228 2216 358 2285 Nec,
386 2219 433 2272 si
456 2218 583 2289 quid
605 2220 719 2273 miri
745 2219 898 2273 faciat
921 2223 1122 2282 natura,
1147 2217 1289 2271 Deos
1313 2215 1369 2270 id

226 2286 423 2343 Tristes
449 2306 516 2343 ex
539 2289 642 2343 alto
667 2288 782 2344 coeli
803 2289 1073 2344 demittere
1098 2291 1257 2343 tecto.

227 2356 581 2414 Brundusium
604 2359 774 2430 longae
796 2359 911 2415 fim’s
938 2360 1229 2431 chartaeque
1253 2357 1452 2433 viaeque
1475 2363 1575 2416 est.

823 2479 1089 2534 SATIRA
1123 2478 1223 2536 VI.

228 2573 355 2630 Non
382 2573 516 2646 qnia,
543 2574 823 2642 Maecenas,
849 2576 1116 2648 Lydorum
1141 2577 1389 2651 quidquid
1411 2576 1661 2634 Etruscos

227 2645 452 2701 Incoluit
477 2647 620 2710 fines,
647 2665 798 2700 nemo
823 2649 1119 2717 generosior
1142 2655 1224 2704 est
1247 2654 1319 2717 te,

228 2716 340 2772 Nec
366 2714 506 2788 quod
530 2735 658 2772 avus
681 2717 780 2771 tibi
802 2723 1066 2776 maternus
1091 2720 1190 2777 fuit
1214 2727 1371 2793 atque
1397 2724 1642 2795 paternus
