2031 2952
513 149 894 200 CARMINUM
929 148 1033 196 111.
1069 149 1280 196 20—23.

310 269 440 325 Post
463 273 518 323 te
541 285 709 339 neque
734 266 892 320 iratos
916 264 1162 318 trementi

381 339 592 408 Regum
615 337 783 408 apices
807 354 873 390 ne
909 354 975 389 ue
999 333 1222 388 militum
1245 350 1399 387 arma.

245 411 317 466 Te
339 409 514 476 Liber,
542 412 611 474 et,
639 407 683 463 si
707 408 827 462 laeta
850 425 880 460 a
914 405 1030 470 erit,
1058 404 1255 468 Venus,

246 483 540 552 Segnesque
563 478 756 535 nodum
782 477 980 532 solvere
1005 475 1213 540 Gratiae,

311 552 564 622 Vivaeque
588 548 874 620 producent
897 547 1137 612 lucernae,

382 622 527 677 Dum
549 620 751 703 rediens
776 618 925 689 fugat
949 621 1093 672 astra
1114 614 1359 671 Phoebus.

419 790 733 846 CARMEN
770 789 1100 844 XXIL—AD
1136 804 1375 843 numu.

243 908 525 964 Momnm
549 908 725 960 custos
748 920 1135 973 nemorumque,
1159 901 1343 972 Virgo,

197 999 214 1023 ⁶
243 973 1173 1130 1ξὲξὲξὲἒὲξέἒζὲἱᾉῑὲξῐῑὲῗω,

381 1119 520 1174 Dlva
540 1117 802 1180 triformis,

243 1190 527 1247 Imminens
552 1186 686 1242 villae
710 1190 804 1241 tua
827 1182 979 1255 pinus
1003 1187 1134 1249 esto,

244 1261 410 1327 Quam
433 1278 527 1332 per
550 1261 759 1312 exactos
783 1274 811 1310 e
849 1273 880 1310 0
905 1255 1055 1311 laetus
1080 1272 1242 1309 annos

243 1331 422 1386 Verris
445 1328 713 1409 obliquum
738 1345 817 1380 me
855 1325 1034 1380 itantis
1058 1325 1218 1380 ictum

385 1401 647 1469 Sangume
671 1397 872 1452 donem.

374 1576 687 1634 CARMEN
726 1573 1089 1629 XXIII.—-An
1128 1587 1427 1627 rmnmzn.

241 1678 406 1735 COELo
429 1677 639 1749 supinas
663 1674 709 1731 si
731 1673 916 1730 tuleris
941 1691 1123 1728 manus

241 1750 509 1806 Nascente
532 1748 701 1811 Luna,
728 1744 922 1800 rustica
944 1743 1179 1815 Phidyle,

314 1820 372 1874 Si
394 1819 547 1874 thure
605 1815 788 1872 lacaris
810 1820 864 1870 et
887 1814 1053 1869 horna

382 1890 555 1970 Fruge
630 1906 742 1942 ares
768 1885 1017 1956 avidaque
1041 1901 1211 1965 porca,

240 1961 359 2018 Nec
383 1959 707 2030 pestllentem
731 1956 920 2011 sentiet
943 1955 1177 2009 Afrlcum

240 2029 488 2089 Fecunda
508 2029 631 2084 vitis
657 2045 752 2082 nec
775 2026 999 2082 sterilem
1028 2043 1175 2095 seges

310 2100 625 2172 Robiginem
651 2102 740 2153 aut
765 2097 940 2152 dulces
965 2095 1158 2149 alumni

385 2171 644 2227 Pomifero
667 2187 823 2251 grave
846 2173 1054 2237 tempus
1078 2182 1227 2220 anno,

240 2243 381 2300 Nam
407 2261 522 2315 quae
543 2240 701 2295 nivali
721 2238 952 2320 pascitur
974 2235 1164 2306 Algido

237 2315 451 2376 Devota
473 2329 694 2384 quercus
716 2315 851 2364 mter
876 2312 930 2363 et
954 2307 1097 2362 ilices

311 2387 425 2441 Aut
447 2383 636 2440 crescit
659 2379 875 2435 Albanis
899 2379 955 2433 in
977 2376 1149 2432 herbis

379 2454 611 2510 Victima
631 2450 932 2524 pontificum
957 2466 1164 2503 secures

238 2526 458 2583 Cervice
481 2524 560 2579 tin
599 2534 652 2578 et
673 2544 685 2577 τ
723 2526 779 2576 te
801 2520 929 2577 nihil
952 2519 1143 2573 attinet

238 2599 467 2653 Tentare
489 2614 540 2649 m
601 2600 657 2649 ta
677 2590 815 2648 caede
839 2589 1127 2647 bidentium

311 2668 510 2723 Parvos
532 2667 863 2720 coronantem
887 2659 1085 2715 marino

385 2739 524 2791 Rore
547 2735 690 2790 Deos
717 2731 986 2803 fragilique
1014 2734 1197 2800 myrt0.

1626 141 1695 195 ’13

1622 331 1692 387 20

1623 2305 1695 2363 10
