2031 2952
598 134 1001 186 SATIRARUM
1037 134 1080 185 1.
1112 137 1161 194 9,
1197 138 1277 187 10.
1625 132 1728 184 158

121 249 459 309 ‘Defendente
480 250 647 307 vicem
669 250 823 307 modo
845 250 1066 307 rhetoris
1090 253 1246 322 atque
1269 250 1439 322 poetoe

132 320 410 379 Interdum
433 321 631 389 urbani,
658 321 911 391 parcentis
935 321 1134 377 viribus
1158 330 1313 392 atque

132 392 483 449 Extenuantis
507 411 594 447 eas
619 392 871 448 consulto.
945 391 1242 447 Ridiculum
1270 390 1376 447 acri

134 462 348 520 Fortius
373 468 426 518 et
450 462 633 519 melius
656 481 866 534 magnas
890 462 1191 543 plerumque
1216 467 1356 517 secat
1382 478 1482 516 res,

135 532 240 600 Illi,
269 534 461 600 scripta
484 533 670 606 quibus
694 532 939 589 comoedia
963 534 1132 605 prisca
1154 532 1277 587 viris
1303 536 1400 597 est,

137 604 259 660 Hoc
284 603 506 669 stabant,
534 604 630 659 hoc
654 610 776 659 sunt
801 603 1068 670 imitandi;
1108 621 1237 673 quos
1262 620 1427 673 neque
1453 600 1667 673 pulcher

137 674 495 746 Hermogenes
520 693 744 745 unquam
769 674 895 745 legit
919 692 1089 744 neque
1113 673 1290 728 simius
1314 673 1430 739 iste,

137 744 232 800 Nil
257 750 440 815 praeter
466 744 683 800 Calvum
707 752 762 799 et
787 744 970 800 doctus
996 749 1203 799 cantare
1229 742 1505 800 Catullum.

140 817 263 870 “At
287 833 528 886 magnum
553 815 691 881 fecit,
720 814 858 886 quod
881 814 1051 870 verbis
1077 814 1258 882 Graeca
1281 813 1487 869 Latinis
1654 814 1723 873 2⁰

137 884 407 941 Miscuit.'’
480 886 529 941 Ο
553 885 654 941 seri
678 884 996 940 studiorum!
1071 886 1192 939 uine
1218 886 1413 954 putetis

137 954 360 1011 Difficile
384 959 438 1011 et
466 957 665 1023 mirum,
693 956 898 1011 Rhodio
924 974 1027 1026 quo
1087 954 1406 1010 Pitholeonti

140 1026 413 1097 Contigit?
474 1030 505 1057 “
522 1028 595 1080 At
621 1045 788 1082 sermo
812 1026 989 1096 lingua
1012 1025 1290 1083 concinnus
1314 1029 1532 1095 utraque

140 1096 371 1163 Suavior,
397 1102 458 1152 ut
484 1096 614 1152 Chio
639 1104 763 1151 nota
786 1096 828 1150 si
854 1094 1131 1151 commixta
1154 1095 1356 1150 Falerni
1380 1097 1514 1150 est.''

137 1166 308 1237 Quum
336 1186 516 1222 versus
540 1167 711 1232 faciae,
737 1172 791 1221 te
815 1166 980 1236 ipsum
1007 1172 1298 1238 percontor,
1325 1183 1391 1220 an
1415 1174 1467 1221 et
1493 1184 1651 1238 quum

137 1236 287 1292 Dura
309 1237 402 1293 tibi
427 1237 718 1309 peragenda
742 1238 816 1291 rei
840 1237 909 1292 sit
934 1255 1091 1292 causa
1112 1236 1303 1301 Petilli,

139 1308 347 1364 Scilicet
371 1307 562 1364 oblitus
588 1308 868 1379 patriaeque
959 1308 1172 1378 trisque,
1199 1305 1388 1361 Latine

137 1378 314 1447 Quum
335 1377 528 1434 Pedius
552 1396 730 1433 causas
758 1395 882 1432 exsu
919 1383 972 1432 et
995 1376 1260 1447 Poplicola
1283 1385 1438 1449 atque

140 1448 412 1515 Corvinus,
441 1448 618 1518 patriis
642 1447 988 1503 intermiscere
1014 1448 1179 1518 petita
1470 1452 1482 1467 ¹

135 1518 314 1575 Verba
336 1520 461 1575 foris
486 1520 647 1585 malie,
676 1518 916 1574 Canusini
939 1537 1080 1574 more
1106 1518 1389 1591 bilinguis?
1656 1521 1726 1576 30

135 1592 313 1663 Atque
339 1609 436 1662 ego
462 1608 617 1660 quum
648 1590 855 1645 Graecos
881 1589 1099 1645 facerem
1125 1597 1278 1646 natus
1302 1608 1441 1646 mare
1466 1590 1598 1647 citra

135 1661 451 1725 VersieuIOS‚
478 1661 647 1715 vetuit
671 1679 752 1715 me
778 1659 871 1714 tali
897 1678 1019 1715 voce
1048 1661 1306 1727 Quirinus,

135 1732 268 1788 Post
292 1732 509 1786 mediam
533 1736 738 1786 noctem
766 1730 924 1797 visus,
951 1750 1106 1801 quum
1134 1731 1332 1787 somnia
1352 1749 1506 1789 vera:

140 1808 175 1832 “
189 1803 256 1858 In
279 1802 455 1858 silvam
481 1820 587 1856 non
610 1801 750 1871 ligna
776 1801 907 1855 feras
932 1801 1179 1868 insaniae,
1206 1820 1266 1857 ae
1290 1801 1336 1856 si

136 1874 358 1946 Magnas
385 1873 676 1928 Graecorum
702 1871 848 1927 malis
874 1872 1084 1943 implere
1110 1872 1394 1927 catervas.”

136 1944 394 2015 Turgidus
422 1943 640 2015 Alpinus
660 1942 867 2014 jugulat
893 1941 1013 1997 dum
1041 1942 1334 2006 Memnona,
1361 1940 1584 2013 dumque

136 2014 369 2087 Defingit
392 2013 566 2069 Rheni
590 2015 787 2068 luteum
814 2017 985 2083 caput,
1010 2012 1122 2068 haec
1146 2031 1243 2083 ego
1267 2012 1407 2077 ludo,

137 2087 271 2144 Quae
294 2103 459 2156 neque
485 2086 538 2138 in
561 2082 668 2139 aede
695 2090 880 2138 sonent
906 2083 1158 2138 certantia
1178 2082 1351 2153 judice
1375 2081 1557 2153 Tarpa,

136 2155 252 2211 Nec
276 2157 486 2210 redeant
509 2143 696 2209 iterum
723 2160 880 2224 atque
905 2153 1091 2207 iterum
1117 2152 1397 2224 spectanda
1419 2150 1652 2207 theatris.

137 2227 341 2294 Arguta
364 2225 630 2280 meretrice
655 2231 801 2295 potes
832 2225 1080 2293 Davoque
1108 2222 1383 2278 Chremeta
1658 2222 1727 2278 40

138 2295 394 2351 Eludente
419 2312 592 2350 senem
617 2294 774 2349 comis
802 2293 995 2363 garrire
1021 2292 1216 2347 libellos

139 2366 290 2421 Unus
316 2366 561 2431 vivorum,
589 2363 824 2420 Fundani
837 2387 853 2431 ;
876 2363 1064 2417 ·Pollio
1088 2382 1270 2434 regum

138 2435 297 2492 Facta
319 2437 456 2491 canit
481 2435 612 2508 pede
637 2443 719 2490 ter
741 2451 986 2506 percusso
1008 2456 1023 2499 ;
1061 2433 1194 2488 forte
1218 2454 1342 2508 epos
1365 2454 1482 2492 acer

139 2506 216 2562 Ut
238 2524 388 2561 nemo
412 2506 602 2561 Varius
629 2505 771 2561 ducit
786 2527 801 2571 ;
839 2503 991 2559 molle
1021 2509 1175 2575 atque
1201 2506 1424 2563 facetum

137 2576 357 2648 Virgilio
381 2586 672 2632 annuerunt
698 2575 982 2648 gaudentes
1010 2592 1129 2629 rure
1156 2575 1408 2635 Camenae.

139 2648 258 2704 Hoc
283 2652 408 2713 erat,
434 2656 648 2719 experto
674 2650 864 2701 frustra
891 2645 1125 2700 Varrone
1149 2647 1371 2705 Atacino

110 2793 114 2798 υ
139 2721 312 2792 Atque
338 2717 644 2790 quibusdam
669 2717 795 2784 aliis,
824 2715 1009 2772 melius
1036 2717 1174 2790 quod
1199 2720 1422 2777 scribere
1446 2741 1666 2795 possem,
