<?xml version="1.0" encoding="UTF-8"?>
<!DOCTYPE html PUBLIC "-//W3C//DTD XHTML 1.0 Transitional//EN"
    "http://www.w3.org/TR/xhtml1/DTD/xhtml1-transitional.dtd">
<html xmlns="http://www.w3.org/1999/xhtml" xml:lang="en" lang="en">
 <head>
  <title>
</title>
<meta http-equiv="Content-Type" content="text/html;charset=utf-8" />
  <meta name='ocr-system' content='tesseract 3.04.00' />
  <meta name='ocr-capabilities' content='ocr_page ocr_carea ocr_par ocr_line ocrx_word'/>
</head>
<body>
  <div class='ocr_page' id='page_1' title='image "./qhoratiiflaccio09horagoog_0212.png"; bbox 0 0 2031 2952; ppageno 0'>
   <div class='ocr_carea' id='block_1_1' title="bbox 270 138 1205 195">
    <p class='ocr_par' dir='ltr' id='par_1_1' title="bbox 270 138 1205 195">
     <span class='ocr_line' id='line_1_1' title="bbox 270 138 1205 195; baseline -0.004 -2"><span class='ocrx_word' id='word_1_1' title='bbox 270 146 372 195; x_wconf 86' lang='lat'><strong>194</strong></span> <span class='ocrx_word' id='word_1_2' title='bbox 906 138 1205 191; x_wconf 80' lang='lat' dir='ltr'>HORATII</span> 
     </span>
    </p>
   </div>
   <div class='ocr_carea' id='block_1_2' title="bbox 223 252 1881 1808">
    <p class='ocr_par' dir='ltr' id='par_1_2' title="bbox 271 252 1873 400">
     <span class='ocr_line' id='line_1_2' title="bbox 272 252 1873 329; baseline -0.002 -14"><span class='ocrx_word' id='word_1_3' title='bbox 272 258 412 329; x_wconf 81' lang='lat' dir='ltr'><strong>Quid</strong></span> <span class='ocrx_word' id='word_1_4' title='bbox 434 257 556 314; x_wconf 87' lang='lat' dir='ltr'><strong>mihi</strong></span> <span class='ocrx_word' id='word_1_5' title='bbox 574 256 757 314; x_wconf 85' lang='lat' dir='ltr'><strong>Celsus</strong></span> <span class='ocrx_word' id='word_1_6' title='bbox 774 255 881 328; x_wconf 85' lang='lat' dir='ltr'><strong>agit</strong></span> <span class='ocrx_word' id='word_1_7' title='bbox 897 256 921 311; x_wconf 75' lang='lat' dir='ltr'>P</span> <span class='ocrx_word' id='word_1_8' title='bbox 957 255 1185 310; x_wconf 87' lang='lat' dir='ltr'><strong>monitus</strong></span> <span class='ocrx_word' id='word_1_9' title='bbox 1202 252 1524 326; x_wconf 88' lang='lat' dir='ltr'><strong>multumque</strong></span> <span class='ocrx_word' id='word_1_10' title='bbox 1542 252 1873 322; x_wconf 83' lang='lat' dir='ltr'><strong>monendus,</strong></span> 
     </span>
     <span class='ocr_line' id='line_1_3' title="bbox 271 324 1429 400; baseline -0.006 -14"><span class='ocrx_word' id='word_1_11' title='bbox 271 330 507 386; x_wconf 81' lang='lat' dir='ltr'><strong>Privatas</strong></span> <span class='ocrx_word' id='word_1_12' title='bbox 531 334 591 383; x_wconf 89' lang='lat' dir='ltr'><strong>ut</strong></span> <span class='ocrx_word' id='word_1_13' title='bbox 616 334 809 400; x_wconf 84' lang='lat' dir='ltr'><strong>quaerat</strong></span> <span class='ocrx_word' id='word_1_14' title='bbox 834 345 957 398; x_wconf 86' lang='lat' dir='ltr'><strong>opes</strong></span> <span class='ocrx_word' id='word_1_15' title='bbox 983 329 1037 381; x_wconf 91' lang='lat' dir='ltr'><strong>et</strong></span> <span class='ocrx_word' id='word_1_16' title='bbox 1061 330 1272 397; x_wconf 90' lang='lat' dir='ltr'><strong>tangere</strong></span> <span class='ocrx_word' id='word_1_17' title='bbox 1297 324 1429 380; x_wconf 92' lang='lat' dir='ltr'><strong>vitet</strong></span> 
     </span>
    </p>

    <p class='ocr_par' dir='ltr' id='par_1_3' title="bbox 276 394 1592 470">
     <span class='ocr_line' id='line_1_4' title="bbox 276 394 1592 470; baseline -0.005 -14"><span class='ocrx_word' id='word_1_18' title='bbox 276 401 495 470; x_wconf 82' lang='lat' dir='ltr'><strong>Scripta,</strong></span> <span class='ocrx_word' id='word_1_19' title='bbox 524 398 788 453; x_wconf 81' lang='lat' dir='ltr'><strong>Palatinus</strong></span> <span class='ocrx_word' id='word_1_20' title='bbox 814 415 1132 469; x_wconf 77' lang='lat' dir='ltr'><strong>quaecunque</strong></span> <span class='ocrx_word' id='word_1_21' title='bbox 1155 395 1350 466; x_wconf 88' lang='lat' dir='ltr'><strong>recepit</strong></span> <span class='ocrx_word' id='word_1_22' title='bbox 1374 394 1592 467; x_wconf 83' lang='lat' dir='ltr'><strong>Apollo;</strong></span> 
     </span>
    </p>

    <p class='ocr_par' dir='ltr' id='par_1_4' title="bbox 273 465 1415 538">
     <span class='ocr_line' id='line_1_5' title="bbox 273 465 1415 538; baseline -0.006 -12"><span class='ocrx_word' id='word_1_23' title='bbox 273 472 372 536; x_wconf 89' lang='lat' dir='ltr'><strong>Ne,</strong></span> <span class='ocrx_word' id='word_1_24' title='bbox 400 469 445 525; x_wconf 87' lang='lat' dir='ltr'><strong>si</strong></span> <span class='ocrx_word' id='word_1_25' title='bbox 468 469 600 523; x_wconf 83' lang='lat' dir='ltr'><strong>forte</strong></span> <span class='ocrx_word' id='word_1_26' title='bbox 624 468 741 523; x_wconf 84' lang='lat' dir='ltr'><strong>suas</strong></span> <span class='ocrx_word' id='word_1_27' title='bbox 766 468 1043 538; x_wconf 89' lang='lat' dir='ltr'><strong>repetitum</strong></span> <span class='ocrx_word' id='word_1_28' title='bbox 1069 466 1270 521; x_wconf 89' lang='lat' dir='ltr'><strong>venerit</strong></span> <span class='ocrx_word' id='word_1_29' title='bbox 1295 465 1415 520; x_wconf 91' lang='lat' dir='ltr'><strong>olim</strong></span> 
     </span>
    </p>

    <p class='ocr_par' dir='ltr' id='par_1_5' title="bbox 275 534 1546 610">
     <span class='ocr_line' id='line_1_6' title="bbox 275 534 1546 610; baseline -0.003 -15"><span class='ocrx_word' id='word_1_30' title='bbox 275 542 414 596; x_wconf 84' lang='lat' dir='ltr'>Grex</span> <span class='ocrx_word' id='word_1_31' title='bbox 439 540 605 594; x_wconf 91' lang='lat' dir='ltr'><strong>avium</strong></span> <span class='ocrx_word' id='word_1_32' title='bbox 631 539 847 610; x_wconf 88' lang='lat' dir='ltr'><strong>plumas,</strong></span> <span class='ocrx_word' id='word_1_33' title='bbox 874 541 1078 592; x_wconf 89' lang='lat' dir='ltr'><strong>moveat</strong></span> <span class='ocrx_word' id='word_1_34' title='bbox 1101 535 1363 592; x_wconf 82' lang='lat' dir='ltr'><strong>cornicula</strong></span> <span class='ocrx_word' id='word_1_35' title='bbox 1384 534 1546 591; x_wconf 89' lang='lat' dir='ltr'><strong>risum</strong></span> 
     </span>
    </p>

    <p class='ocr_par' dir='ltr' id='par_1_6' title="bbox 272 606 1881 824">
     <span class='ocr_line' id='line_1_7' title="bbox 272 606 1881 678; baseline -0.003 -11"><span class='ocrx_word' id='word_1_36' title='bbox 272 610 500 668; x_wconf 81' lang='lat' dir='ltr'><strong>Furtivis</strong></span> <span class='ocrx_word' id='word_1_37' title='bbox 524 609 715 664; x_wconf 90' lang='lat' dir='ltr'><strong>nudata</strong></span> <span class='ocrx_word' id='word_1_38' title='bbox 738 607 1010 663; x_wconf 90' lang='lat' dir='ltr'><strong>coloribus.</strong></span> <span class='ocrx_word' id='word_1_39' title='bbox 1083 607 1208 678; x_wconf 91' lang='lat' dir='ltr'><strong>Ipse</strong></span> <span class='ocrx_word' id='word_1_40' title='bbox 1233 606 1355 678; x_wconf 92' lang='lat' dir='ltr'><strong>quid</strong></span> <span class='ocrx_word' id='word_1_41' title='bbox 1379 607 1576 662; x_wconf 64' lang='lat' dir='ltr'><strong>audes}&gt;</strong></span> <span class='ocrx_word' id='word_1_42' title='bbox 1799 608 1881 663; x_wconf 77' lang='lat'><strong>20</strong></span> 
     </span>
     <span class='ocr_line' id='line_1_8' title="bbox 275 676 1761 750; baseline -0.003 -14"><span class='ocrx_word' id='word_1_43' title='bbox 275 683 400 748; x_wconf 82' lang='lat' dir='ltr'><strong>Quae</strong></span> <span class='ocrx_word' id='word_1_44' title='bbox 424 680 798 736; x_wconf 73' lang='lat' dir='ltr'><strong>circumvolitas</strong></span> <span class='ocrx_word' id='word_1_45' title='bbox 821 678 969 749; x_wconf 90' lang='lat' dir='ltr'><strong>agilis</strong></span> <span class='ocrx_word' id='word_1_46' title='bbox 991 678 1205 748; x_wconf 77' lang='lat' dir='ltr'><strong>thyma?</strong></span> <span class='ocrx_word' id='word_1_47' title='bbox 1277 676 1402 732; x_wconf 92' lang='lat' dir='ltr'><strong>Non</strong></span> <span class='ocrx_word' id='word_1_48' title='bbox 1424 677 1522 732; x_wconf 86' lang='lat' dir='ltr'><strong>tibi</strong></span> <span class='ocrx_word' id='word_1_49' title='bbox 1543 695 1761 750; x_wconf 88' lang='lat' dir='ltr'><strong>parvum</strong></span> 
     </span>
     <span class='ocr_line' id='line_1_9' title="bbox 278 747 1632 824; baseline -0.002 -17"><span class='ocrx_word' id='word_1_50' title='bbox 278 751 565 824; x_wconf 85' lang='lat' dir='ltr'><strong>Ingenium,</strong></span> <span class='ocrx_word' id='word_1_51' title='bbox 589 769 693 805; x_wconf 92' lang='lat' dir='ltr'><strong>non</strong></span> <span class='ocrx_word' id='word_1_52' title='bbox 715 749 965 804; x_wconf 88' lang='lat' dir='ltr'><strong>incultum</strong></span> <span class='ocrx_word' id='word_1_53' title='bbox 992 754 1080 804; x_wconf 83' lang='lat' dir='ltr'><strong>est</strong></span> <span class='ocrx_word' id='word_1_54' title='bbox 1097 751 1150 803; x_wconf 90' lang='lat' dir='ltr'><strong>et</strong></span> <span class='ocrx_word' id='word_1_55' title='bbox 1174 747 1397 819; x_wconf 80' lang='lat' dir='ltr'><strong>turpiter</strong></span> <span class='ocrx_word' id='word_1_56' title='bbox 1423 748 1632 805; x_wconf 83' lang='lat' dir='ltr'><strong>hirtum.</strong></span> 
     </span>
    </p>

    <p class='ocr_par' dir='ltr' id='par_1_7' title="bbox 278 818 1434 894">
     <span class='ocr_line' id='line_1_10' title="bbox 278 818 1434 894; baseline -0.005 -16"><span class='ocrx_word' id='word_1_57' title='bbox 278 823 383 878; x_wconf 85' lang='lat' dir='ltr'><strong>Seu</strong></span> <span class='ocrx_word' id='word_1_58' title='bbox 406 822 633 894; x_wconf 84' lang='lat' dir='ltr'><strong>linguam</strong></span> <span class='ocrx_word' id='word_1_59' title='bbox 657 819 825 876; x_wconf 88' lang='lat' dir='ltr'><strong>causis</strong></span> <span class='ocrx_word' id='word_1_60' title='bbox 851 819 991 875; x_wconf 90' lang='lat' dir='ltr'><strong>acuis</strong></span> <span class='ocrx_word' id='word_1_61' title='bbox 1018 838 1112 875; x_wconf 89' lang='lat' dir='ltr'><strong>seu</strong></span> <span class='ocrx_word' id='word_1_62' title='bbox 1134 818 1296 874; x_wconf 88' lang='lat' dir='ltr'><strong>civica</strong></span> <span class='ocrx_word' id='word_1_63' title='bbox 1312 821 1434 888; x_wconf 87' lang='lat' dir='ltr'><strong>jura</strong></span> 
     </span>
    </p>

    <p class='ocr_par' dir='ltr' id='par_1_8' title="bbox 278 882 1590 965">
     <span class='ocr_line' id='line_1_11' title="bbox 278 882 1590 965; baseline -0.005 -16"><span class='ocrx_word' id='word_1_64' title='bbox 278 892 614 965; x_wconf 77' lang='lat' dir='ltr'><strong>Respondete</strong></span> <span class='ocrx_word' id='word_1_65' title='bbox 641 910 785 962; x_wconf 85' lang='lat' dir='ltr'><strong>paras</strong></span> <span class='ocrx_word' id='word_1_66' title='bbox 810 910 902 946; x_wconf 91' lang='lat' dir='ltr'><strong>seu</strong></span> <span class='ocrx_word' id='word_1_67' title='bbox 927 882 1108 945; x_wconf 78' lang='lat' dir='ltr'><strong>condis</strong></span> <span class='ocrx_word' id='word_1_68' title='bbox 1132 888 1345 944; x_wconf 82' lang='lat' dir='ltr'><strong>amabile</strong></span> <span class='ocrx_word' id='word_1_69' title='bbox 1369 906 1590 958; x_wconf 88' lang='lat' dir='ltr'><strong>carmen,</strong></span> 
     </span>
    </p>

    <p class='ocr_par' dir='ltr' id='par_1_9' title="bbox 273 958 1619 1031">
     <span class='ocr_line' id='line_1_12' title="bbox 273 958 1619 1031; baseline -0.004 -11"><span class='ocrx_word' id='word_1_70' title='bbox 273 963 450 1020; x_wconf 87' lang='lat' dir='ltr'><strong>Prima</strong></span> <span class='ocrx_word' id='word_1_71' title='bbox 472 964 603 1019; x_wconf 88' lang='lat' dir='ltr'><strong>seres</strong></span> <span class='ocrx_word' id='word_1_72' title='bbox 629 962 827 1017; x_wconf 75' lang='lat' dir='ltr'><strong>hederae</strong></span> <span class='ocrx_word' id='word_1_73' title='bbox 850 960 1075 1016; x_wconf 90' lang='lat' dir='ltr'><strong>victricis</strong></span> <span class='ocrx_word' id='word_1_74' title='bbox 1099 959 1321 1031; x_wconf 79' lang='lat' dir='ltr'><strong>praemia.</strong></span> <span class='ocrx_word' id='word_1_75' title='bbox 1396 959 1548 1028; x_wconf 77' lang='lat' dir='ltr'><strong>Quod</strong></span> <span class='ocrx_word' id='word_1_76' title='bbox 1573 958 1619 1014; x_wconf 90' lang='lat' dir='ltr'><strong>si</strong></span> 
     </span>
    </p>

    <p class='ocr_par' dir='ltr' id='par_1_10' title="bbox 274 1031 1523 1108">
     <span class='ocr_line' id='line_1_13' title="bbox 274 1031 1523 1108; baseline -0.006 -17"><span class='ocrx_word' id='word_1_77' title='bbox 274 1034 486 1108; x_wconf 82' lang='lat' dir='ltr'><strong>Frigida</strong></span> <span class='ocrx_word' id='word_1_78' title='bbox 506 1052 739 1090; x_wconf 84' lang='lat' dir='ltr'><strong>curarum</strong></span> <span class='ocrx_word' id='word_1_79' title='bbox 765 1032 991 1087; x_wconf 84' lang='lat' dir='ltr'><strong>fomenta</strong></span> <span class='ocrx_word' id='word_1_80' title='bbox 1012 1031 1300 1102; x_wconf 86' lang='lat' dir='ltr'><strong>relinquere</strong></span> <span class='ocrx_word' id='word_1_81' title='bbox 1326 1048 1523 1101; x_wconf 88' lang='lat' dir='ltr'><strong>posses,</strong></span> 
     </span>
    </p>

    <p class='ocr_par' dir='ltr' id='par_1_11' title="bbox 276 1100 1386 1175">
     <span class='ocr_line' id='line_1_14' title="bbox 276 1100 1386 1175; baseline -0.005 -14"><span class='ocrx_word' id='word_1_82' title='bbox 276 1106 396 1175; x_wconf 80' lang='lat' dir='ltr'><strong>Quo</strong></span> <span class='ocrx_word' id='word_1_83' title='bbox 419 1110 475 1161; x_wconf 91' lang='lat' dir='ltr'><strong>te</strong></span> <span class='ocrx_word' id='word_1_84' title='bbox 499 1104 717 1161; x_wconf 88' lang='lat' dir='ltr'><strong>coelestis</strong></span> <span class='ocrx_word' id='word_1_85' title='bbox 742 1102 993 1173; x_wconf 81' lang='lat' dir='ltr'><strong>sapientia</strong></span> <span class='ocrx_word' id='word_1_86' title='bbox 1017 1101 1242 1167; x_wconf 88' lang='lat' dir='ltr'><strong>duceret,</strong></span> <span class='ocrx_word' id='word_1_87' title='bbox 1269 1100 1386 1156; x_wconf 78' lang='lat' dir='ltr'><strong>ires,</strong></span> 
     </span>
    </p>

    <p class='ocr_par' dir='ltr' id='par_1_12' title="bbox 274 1168 1742 1248">
     <span class='ocr_line' id='line_1_15' title="bbox 274 1168 1742 1248; baseline -0.006 -16"><span class='ocrx_word' id='word_1_88' title='bbox 274 1177 394 1233; x_wconf 89' lang='lat' dir='ltr'><strong>Hoc</strong></span> <span class='ocrx_word' id='word_1_89' title='bbox 419 1195 563 1248; x_wconf 92' lang='lat' dir='ltr'><strong>opus,</strong></span> <span class='ocrx_word' id='word_1_90' title='bbox 589 1175 687 1231; x_wconf 88' lang='lat' dir='ltr'><strong>hoc</strong></span> <span class='ocrx_word' id='word_1_91' title='bbox 712 1174 940 1229; x_wconf 90' lang='lat' dir='ltr'><strong>studium</strong></span> <span class='ocrx_word' id='word_1_92' title='bbox 1000 1171 1112 1226; x_wconf 90' lang='lat' dir='ltr'><strong>arvi</strong></span> <span class='ocrx_word' id='word_1_93' title='bbox 1134 1189 1465 1242; x_wconf 80' lang='lat' dir='ltr'><strong>properemus</strong></span> <span class='ocrx_word' id='word_1_94' title='bbox 1491 1172 1545 1226; x_wconf 87' lang='lat' dir='ltr'><strong>et</strong></span> <span class='ocrx_word' id='word_1_95' title='bbox 1569 1168 1742 1240; x_wconf 85' lang='lat' dir='ltr'><strong>ampli,</strong></span> 
     </span>
    </p>

    <p class='ocr_par' dir='ltr' id='par_1_13' title="bbox 223 1240 1398 1310">
     <span class='ocr_line' id='line_1_16' title="bbox 223 1240 1398 1310; baseline -0.006 -7"><span class='ocrx_word' id='word_1_96' title='bbox 223 1278 226 1281; x_wconf 97' lang='lat'>·</span> <span class='ocrx_word' id='word_1_97' title='bbox 275 1246 332 1303; x_wconf 80' lang='lat' dir='ltr'><strong>Si</strong></span> <span class='ocrx_word' id='word_1_98' title='bbox 392 1247 535 1303; x_wconf 85' lang='lat' dir='ltr'><strong>atriae</strong></span> <span class='ocrx_word' id='word_1_99' title='bbox 559 1245 811 1310; x_wconf 90' lang='lat' dir='ltr'><strong>volumus,</strong></span> <span class='ocrx_word' id='word_1_100' title='bbox 839 1244 883 1299; x_wconf 89' lang='lat' dir='ltr'><strong>si</strong></span> <span class='ocrx_word' id='word_1_101' title='bbox 907 1261 974 1297; x_wconf 96' lang='lat' dir='ltr'><strong>no</strong></span> <span class='ocrx_word' id='word_1_102' title='bbox 1010 1242 1055 1297; x_wconf 90' lang='lat' dir='ltr'><strong>is</strong></span> <span class='ocrx_word' id='word_1_103' title='bbox 1079 1241 1252 1298; x_wconf 92' lang='lat' dir='ltr'><strong>vivere</strong></span> <span class='ocrx_word' id='word_1_104' title='bbox 1278 1240 1398 1297; x_wconf 88' lang='lat' dir='ltr'><strong>cari.</strong></span> 
     </span>
    </p>

    <p class='ocr_par' dir='ltr' id='par_1_14' title="bbox 273 1311 1877 1457">
     <span class='ocr_line' id='line_1_17' title="bbox 273 1311 1877 1380; baseline -0.004 -7"><span class='ocrx_word' id='word_1_105' title='bbox 273 1317 357 1373; x_wconf 88' lang='lat' dir='ltr'><strong>De</strong></span> <span class='ocrx_word' id='word_1_106' title='bbox 394 1336 450 1373; x_wconf 91' lang='lat' dir='ltr'><strong>es</strong></span> <span class='ocrx_word' id='word_1_107' title='bbox 476 1317 572 1372; x_wconf 88' lang='lat' dir='ltr'><strong>hoc</strong></span> <span class='ocrx_word' id='word_1_108' title='bbox 597 1315 751 1371; x_wconf 89' lang='lat' dir='ltr'><strong>etiam</strong></span> <span class='ocrx_word' id='word_1_109' title='bbox 775 1313 1070 1380; x_wconf 88' lang='lat' dir='ltr'><strong>rescribere,</strong></span> <span class='ocrx_word' id='word_1_110' title='bbox 1097 1311 1143 1367; x_wconf 83' lang='lat' dir='ltr'><strong>si</strong></span> <span class='ocrx_word' id='word_1_111' title='bbox 1165 1311 1263 1367; x_wconf 84' lang='lat' dir='ltr'><strong>tibi</strong></span> <span class='ocrx_word' id='word_1_112' title='bbox 1287 1330 1423 1367; x_wconf 82' lang='lat' dir='ltr'><strong>curoe</strong></span> <span class='ocrx_word' id='word_1_113' title='bbox 1800 1312 1877 1367; x_wconf 83' lang='lat'><strong>30</strong></span> 
     </span>
     <span class='ocr_line' id='line_1_18' title="bbox 273 1382 1516 1457; baseline -0.006 -13"><span class='ocrx_word' id='word_1_114' title='bbox 273 1388 496 1457; x_wconf 79' lang='lat' dir='ltr'><strong>Quantae</strong></span> <span class='ocrx_word' id='word_1_115' title='bbox 521 1387 791 1443; x_wconf 87' lang='lat' dir='ltr'><strong>conveniat</strong></span> <span class='ocrx_word' id='word_1_116' title='bbox 818 1384 1105 1449; x_wconf 83' lang='lat' dir='ltr'><strong>Munatius,</strong></span> <span class='ocrx_word' id='word_1_117' title='bbox 1132 1401 1196 1437; x_wconf 88' lang='lat' dir='ltr'><strong>an</strong></span> <span class='ocrx_word' id='word_1_118' title='bbox 1220 1382 1350 1438; x_wconf 89' lang='lat' dir='ltr'><strong>male</strong></span> <span class='ocrx_word' id='word_1_119' title='bbox 1375 1384 1516 1438; x_wconf 85' lang='lat' dir='ltr'><strong>sarta</strong></span> 
     </span>
    </p>

    <p class='ocr_par' dir='ltr' id='par_1_15' title="bbox 274 1453 1639 1530">
     <span class='ocr_line' id='line_1_19' title="bbox 274 1453 1639 1530; baseline -0.005 -15"><span class='ocrx_word' id='word_1_120' title='bbox 274 1458 456 1515; x_wconf 78' lang='lat' dir='ltr'><strong>Gratia</strong></span> <span class='ocrx_word' id='word_1_121' title='bbox 478 1457 821 1530; x_wconf 85' lang='lat' dir='ltr'><strong>nequidquam</strong></span> <span class='ocrx_word' id='word_1_122' title='bbox 844 1455 949 1512; x_wconf 88' lang='lat' dir='ltr'><strong>coit</strong></span> <span class='ocrx_word' id='word_1_123' title='bbox 974 1457 1028 1509; x_wconf 90' lang='lat' dir='ltr'><strong>et</strong></span> <span class='ocrx_word' id='word_1_124' title='bbox 1052 1453 1375 1510; x_wconf 84' lang='lat' dir='ltr'><strong>rescinditur.</strong></span> <span class='ocrx_word' id='word_1_125' title='bbox 1448 1456 1521 1510; x_wconf 89' lang='lat' dir='ltr'><strong>At</strong></span> <span class='ocrx_word' id='word_1_126' title='bbox 1545 1470 1639 1510; x_wconf 90' lang='lat' dir='ltr'><strong>vos</strong></span> 
     </span>
    </p>

    <p class='ocr_par' dir='ltr' id='par_1_16' title="bbox 275 1524 1547 1599">
     <span class='ocr_line' id='line_1_20' title="bbox 275 1524 1547 1599; baseline -0.005 -14"><span class='ocrx_word' id='word_1_127' title='bbox 275 1531 381 1585; x_wconf 86' lang='lat' dir='ltr'><strong>Seu</strong></span> <span class='ocrx_word' id='word_1_128' title='bbox 403 1528 597 1585; x_wconf 86' lang='lat' dir='ltr'><strong>calidus</strong></span> <span class='ocrx_word' id='word_1_129' title='bbox 622 1527 829 1599; x_wconf 86' lang='lat' dir='ltr'><strong>sanguis</strong></span> <span class='ocrx_word' id='word_1_130' title='bbox 854 1545 947 1581; x_wconf 89' lang='lat' dir='ltr'><strong>seu</strong></span> <span class='ocrx_word' id='word_1_131' title='bbox 967 1544 1141 1580; x_wconf 82' lang='lat' dir='ltr'><strong>rerum</strong></span> <span class='ocrx_word' id='word_1_132' title='bbox 1165 1524 1370 1581; x_wconf 86' lang='lat' dir='ltr'><strong>inscitia</strong></span> <span class='ocrx_word' id='word_1_133' title='bbox 1390 1529 1547 1581; x_wconf 85' lang='lat' dir='ltr'><strong>vexat</strong></span> 
     </span>
    </p>

    <p class='ocr_par' dir='ltr' id='par_1_17' title="bbox 272 1595 1504 1666">
     <span class='ocr_line' id='line_1_21' title="bbox 272 1595 1504 1666; baseline -0.005 -11"><span class='ocrx_word' id='word_1_134' title='bbox 272 1600 539 1656; x_wconf 86' lang='lat' dir='ltr'><strong>Indomita</strong></span> <span class='ocrx_word' id='word_1_135' title='bbox 560 1598 755 1653; x_wconf 88' lang='lat' dir='ltr'><strong>cervice</strong></span> <span class='ocrx_word' id='word_1_136' title='bbox 781 1597 932 1661; x_wconf 87' lang='lat' dir='ltr'><strong>feros,</strong></span> <span class='ocrx_word' id='word_1_137' title='bbox 958 1595 1249 1666; x_wconf 90' lang='lat' dir='ltr'><strong>ubicunque</strong></span> <span class='ocrx_word' id='word_1_138' title='bbox 1273 1595 1504 1651; x_wconf 90' lang='lat' dir='ltr'><strong>locorum</strong></span> 
     </span>
    </p>

    <p class='ocr_par' dir='ltr' id='par_1_18' title="bbox 271 1665 1478 1740">
     <span class='ocr_line' id='line_1_22' title="bbox 271 1665 1478 1740; baseline -0.004 -15"><span class='ocrx_word' id='word_1_139' title='bbox 271 1670 482 1735; x_wconf 85' lang='lat' dir='ltr'><strong>Vivitis,</strong></span> <span class='ocrx_word' id='word_1_140' title='bbox 505 1667 705 1740; x_wconf 89' lang='lat' dir='ltr'><strong>indigni</strong></span> <span class='ocrx_word' id='word_1_141' title='bbox 727 1667 1010 1722; x_wconf 83' lang='lat' dir='ltr'><strong>fraternum</strong></span> <span class='ocrx_word' id='word_1_142' title='bbox 1033 1684 1270 1737; x_wconf 85' lang='lat' dir='ltr'><strong>rumpere</strong></span> <span class='ocrx_word' id='word_1_143' title='bbox 1295 1665 1478 1731; x_wconf 85' lang='lat' dir='ltr'><strong>foedus,</strong></span> 
     </span>
    </p>

    <p class='ocr_par' dir='ltr' id='par_1_19' title="bbox 272 1735 1549 1808">
     <span class='ocr_line' id='line_1_23' title="bbox 272 1735 1549 1808; baseline -0.002 -11"><span class='ocrx_word' id='word_1_144' title='bbox 272 1741 513 1797; x_wconf 87' lang='lat' dir='ltr'><strong>Pascitur</strong></span> <span class='ocrx_word' id='word_1_145' title='bbox 535 1739 592 1794; x_wconf 92' lang='lat' dir='ltr'><strong>in</strong></span> <span class='ocrx_word' id='word_1_146' title='bbox 612 1742 844 1794; x_wconf 88' lang='lat' dir='ltr'><strong>vestrum</strong></span> <span class='ocrx_word' id='word_1_147' title='bbox 865 1737 1089 1792; x_wconf 85' lang='lat' dir='ltr'><strong>reditum</strong></span> <span class='ocrx_word' id='word_1_148' title='bbox 1113 1735 1290 1792; x_wconf 88' lang='lat' dir='ltr'><strong>votiva</strong></span> <span class='ocrx_word' id='word_1_149' title='bbox 1307 1735 1549 1808; x_wconf 87' lang='lat' dir='ltr'><strong>juvenca.</strong></span> 
     </span>
    </p>
   </div>
   <div class='ocr_carea' id='block_1_3' title="bbox 455 1923 1683 1984">
    <p class='ocr_par' dir='ltr' id='par_1_20' title="bbox 455 1923 1683 1984">
     <span class='ocr_line' id='line_1_24' title="bbox 455 1923 1683 1984; baseline -0.003 -1"><span class='ocrx_word' id='word_1_150' title='bbox 455 1924 813 1984; x_wconf 82' lang='lat' dir='ltr'><strong>EPISTOLA</strong></span> <span class='ocrx_word' id='word_1_151' title='bbox 845 1923 1095 1979; x_wconf 72' lang='lat' dir='ltr'><strong>1V.—.u&gt;</strong></span> <span class='ocrx_word' id='word_1_152' title='bbox 1129 1938 1346 1978; x_wconf 73' lang='lat' dir='ltr'><strong>mum</strong></span> <span class='ocrx_word' id='word_1_153' title='bbox 1381 1939 1683 1980; x_wconf 62' lang='lat' dir='ltr'><strong>nnuma.</strong></span> 
     </span>
    </p>
   </div>
   <div class='ocr_carea' id='block_1_4' title="bbox 276 2024 1869 2795">
    <p class='ocr_par' dir='ltr' id='par_1_21' title="bbox 280 2024 1507 2097">
     <span class='ocr_line' id='line_1_25' title="bbox 280 2024 1507 2097; baseline -0.007 -10"><span class='ocrx_word' id='word_1_154' title='bbox 280 2032 436 2096; x_wconf 77' lang='lat' dir='ltr'><strong>ALBI,</strong></span> <span class='ocrx_word' id='word_1_155' title='bbox 461 2032 755 2085; x_wconf 88' lang='lat' dir='ltr'><strong>nostrorum</strong></span> <span class='ocrx_word' id='word_1_156' title='bbox 779 2044 1072 2082; x_wconf 82' lang='lat' dir='ltr'><strong>sermonum</strong></span> <span class='ocrx_word' id='word_1_157' title='bbox 1095 2025 1309 2081; x_wconf 89' lang='lat' dir='ltr'><strong>candide</strong></span> <span class='ocrx_word' id='word_1_158' title='bbox 1327 2024 1507 2097; x_wconf 86' lang='lat' dir='ltr'><strong>judex,</strong></span> 
     </span>
    </p>

    <p class='ocr_par' dir='ltr' id='par_1_22' title="bbox 276 2095 1743 2527">
     <span class='ocr_line' id='line_1_26' title="bbox 276 2095 1625 2167; baseline -0.007 -6"><span class='ocrx_word' id='word_1_159' title='bbox 276 2101 424 2161; x_wconf 81' lang='lat' dir='ltr'><strong>Quid</strong></span> <span class='ocrx_word' id='word_1_160' title='bbox 444 2118 582 2156; x_wconf 89' lang='lat' dir='ltr'><strong>nunc</strong></span> <span class='ocrx_word' id='word_1_161' title='bbox 605 2106 660 2153; x_wconf 90' lang='lat' dir='ltr'><strong>te</strong></span> <span class='ocrx_word' id='word_1_162' title='bbox 685 2098 848 2153; x_wconf 89' lang='lat' dir='ltr'><strong>dicam</strong></span> <span class='ocrx_word' id='word_1_163' title='bbox 874 2098 1042 2151; x_wconf 86' lang='lat' dir='ltr'><strong>facere</strong></span> <span class='ocrx_word' id='word_1_164' title='bbox 1066 2097 1121 2151; x_wconf 92' lang='lat' dir='ltr'><strong>in</strong></span> <span class='ocrx_word' id='word_1_165' title='bbox 1145 2095 1353 2167; x_wconf 87' lang='lat' dir='ltr'><strong>regione</strong></span> <span class='ocrx_word' id='word_1_166' title='bbox 1378 2096 1625 2152; x_wconf 78' lang='lat' dir='ltr'><strong>Pedana?</strong></span> 
     </span>
     <span class='ocr_line' id='line_1_27' title="bbox 279 2165 1653 2243; baseline -0.004 -16"><span class='ocrx_word' id='word_1_167' title='bbox 279 2171 513 2228; x_wconf 82' lang='lat' dir='ltr'><strong>Scribere</strong></span> <span class='ocrx_word' id='word_1_168' title='bbox 538 2168 675 2243; x_wconf 88' lang='lat' dir='ltr'><strong>quod</strong></span> <span class='ocrx_word' id='word_1_169' title='bbox 701 2168 851 2224; x_wconf 83' lang='lat' dir='ltr'><strong>Cassi</strong></span> <span class='ocrx_word' id='word_1_170' title='bbox 877 2166 1170 2222; x_wconf 87' lang='lat' dir='ltr'><strong>Parmensis</strong></span> <span class='ocrx_word' id='word_1_171' title='bbox 1194 2165 1442 2237; x_wconf 84' lang='lat' dir='ltr'><strong>opuscula</strong></span> <span class='ocrx_word' id='word_1_172' title='bbox 1463 2167 1653 2234; x_wconf 89' lang='lat' dir='ltr'><strong>vincat,</strong></span> 
     </span>
     <span class='ocr_line' id='line_1_28' title="bbox 278 2236 1443 2307; baseline -0.006 -10"><span class='ocrx_word' id='word_1_173' title='bbox 278 2245 366 2297; x_wconf 87' lang='lat' dir='ltr'><strong>An</strong></span> <span class='ocrx_word' id='word_1_174' title='bbox 389 2242 604 2297; x_wconf 88' lang='lat' dir='ltr'><strong>tacitum</strong></span> <span class='ocrx_word' id='word_1_175' title='bbox 629 2238 783 2294; x_wconf 87' lang='lat' dir='ltr'><strong>silvas</strong></span> <span class='ocrx_word' id='word_1_176' title='bbox 808 2238 943 2292; x_wconf 90' lang='lat' dir='ltr'><strong>inter</strong></span> <span class='ocrx_word' id='word_1_177' title='bbox 966 2241 1171 2307; x_wconf 87' lang='lat' dir='ltr'><strong>reptare</strong></span> <span class='ocrx_word' id='word_1_178' title='bbox 1196 2236 1443 2302; x_wconf 73' lang='lat' dir='ltr'><strong>salubres»,</strong></span> 
     </span>
     <span class='ocr_line' id='line_1_29' title="bbox 280 2306 1735 2383; baseline -0.004 -17"><span class='ocrx_word' id='word_1_179' title='bbox 280 2312 562 2367; x_wconf 86' lang='lat' dir='ltr'><strong>Curantem</strong></span> <span class='ocrx_word' id='word_1_180' title='bbox 586 2308 834 2383; x_wconf 84' lang='lat' dir='ltr'><strong>quidquid</strong></span> <span class='ocrx_word' id='word_1_181' title='bbox 858 2307 1072 2377; x_wconf 81' lang='lat' dir='ltr'><strong>dignum</strong></span> <span class='ocrx_word' id='word_1_182' title='bbox 1096 2306 1326 2378; x_wconf 88' lang='lat' dir='ltr'><strong>sapiente</strong></span> <span class='ocrx_word' id='word_1_183' title='bbox 1351 2306 1586 2378; x_wconf 91' lang='lat' dir='ltr'><strong>bonoque</strong></span> <span class='ocrx_word' id='word_1_184' title='bbox 1613 2306 1735 2361; x_wconf 84' lang='lat' dir='ltr'><strong>est?</strong></span> 
     </span>
     <span class='ocr_line' id='line_1_30' title="bbox 278 2375 1743 2451; baseline -0.004 -15"><span class='ocrx_word' id='word_1_185' title='bbox 278 2380 407 2436; x_wconf 88' lang='lat' dir='ltr'><strong>Non</strong></span> <span class='ocrx_word' id='word_1_186' title='bbox 429 2386 492 2436; x_wconf 91' lang='lat' dir='ltr'><strong>tu</strong></span> <span class='ocrx_word' id='word_1_187' title='bbox 515 2398 701 2451; x_wconf 87' lang='lat' dir='ltr'><strong>corpus</strong></span> <span class='ocrx_word' id='word_1_188' title='bbox 725 2397 838 2434; x_wconf 90' lang='lat' dir='ltr'><strong>eras</strong></span> <span class='ocrx_word' id='word_1_189' title='bbox 864 2378 973 2432; x_wconf 89' lang='lat' dir='ltr'><strong>sine</strong></span> <span class='ocrx_word' id='word_1_190' title='bbox 1001 2383 1223 2447; x_wconf 84' lang='lat' dir='ltr'><strong>pectore.</strong></span> <span class='ocrx_word' id='word_1_191' title='bbox 1294 2376 1367 2431; x_wconf 85' lang='lat' dir='ltr'><strong>Di</strong></span> <span class='ocrx_word' id='word_1_192' title='bbox 1389 2375 1486 2432; x_wconf 86' lang='lat' dir='ltr'><strong>tibi</strong></span> <span class='ocrx_word' id='word_1_193' title='bbox 1511 2376 1743 2441; x_wconf 86' lang='lat' dir='ltr'><strong>formam,</strong></span> 
     </span>
     <span class='ocr_line' id='line_1_31' title="bbox 279 2446 1508 2527; baseline -0.002 -22"><span class='ocrx_word' id='word_1_194' title='bbox 279 2450 355 2506; x_wconf 76' lang='lat' dir='ltr'><strong>Di</strong></span> <span class='ocrx_word' id='word_1_195' title='bbox 378 2450 475 2505; x_wconf 91' lang='lat' dir='ltr'><strong>tibi</strong></span> <span class='ocrx_word' id='word_1_196' title='bbox 499 2449 702 2505; x_wconf 83' lang='lat' dir='ltr'><strong>divitias</strong></span> <span class='ocrx_word' id='word_1_197' title='bbox 728 2448 979 2504; x_wconf 88' lang='lat' dir='ltr'><strong>dederunt</strong></span> <span class='ocrx_word' id='word_1_198' title='bbox 1003 2452 1268 2527; x_wconf 88' lang='lat' dir='ltr'><strong>artemque</strong></span> <span class='ocrx_word' id='word_1_199' title='bbox 1292 2446 1508 2502; x_wconf 83' lang='lat' dir='ltr'><strong>fruendi.</strong></span> 
     </span>
    </p>

    <p class='ocr_par' dir='ltr' id='par_1_23' title="bbox 282 2515 1506 2589">
     <span class='ocr_line' id='line_1_32' title="bbox 282 2515 1506 2589; baseline -0.003 -15"><span class='ocrx_word' id='word_1_200' title='bbox 282 2519 424 2589; x_wconf 82' lang='lat' dir='ltr'><strong>Quid</strong></span> <span class='ocrx_word' id='word_1_201' title='bbox 445 2524 629 2575; x_wconf 85' lang='lat' dir='ltr'><strong>voveat</strong></span> <span class='ocrx_word' id='word_1_202' title='bbox 653 2518 792 2574; x_wconf 88' lang='lat' dir='ltr'><strong>dulci</strong></span> <span class='ocrx_word' id='word_1_203' title='bbox 815 2518 1075 2574; x_wconf 84' lang='lat' dir='ltr'><strong>nutricula</strong></span> <span class='ocrx_word' id='word_1_204' title='bbox 1097 2535 1262 2588; x_wconf 69' lang='lat' dir='ltr'><strong>majus</strong></span> <span class='ocrx_word' id='word_1_205' title='bbox 1287 2515 1506 2581; x_wconf 78' lang='lat' dir='ltr'><strong>alumm,</strong></span> 
     </span>
    </p>

    <p class='ocr_par' dir='ltr' id='par_1_24' title="bbox 284 2586 1869 2795">
     <span class='ocr_line' id='line_1_33' title="bbox 284 2586 1535 2661; baseline -0.002 -17"><span class='ocrx_word' id='word_1_206' title='bbox 284 2589 388 2655; x_wconf 86' lang='lat' dir='ltr'><strong>Qui</strong></span> <span class='ocrx_word' id='word_1_207' title='bbox 410 2608 589 2661; x_wconf 85' lang='lat' dir='ltr'><strong>sapere</strong></span> <span class='ocrx_word' id='word_1_208' title='bbox 612 2595 667 2644; x_wconf 91' lang='lat' dir='ltr'><strong>et</strong></span> <span class='ocrx_word' id='word_1_209' title='bbox 689 2589 785 2644; x_wconf 86' lang='lat' dir='ltr'><strong>fari</strong></span> <span class='ocrx_word' id='word_1_210' title='bbox 808 2588 972 2659; x_wconf 86' lang='lat' dir='ltr'><strong>possit</strong></span> <span class='ocrx_word' id='word_1_211' title='bbox 998 2606 1115 2660; x_wconf 82' lang='lat' dir='ltr'><strong>quae</strong></span> <span class='ocrx_word' id='word_1_212' title='bbox 1139 2586 1344 2652; x_wconf 84' lang='lat' dir='ltr'><strong>sentiat,</strong></span> <span class='ocrx_word' id='word_1_213' title='bbox 1370 2591 1424 2640; x_wconf 92' lang='lat' dir='ltr'><strong>et</strong></span> <span class='ocrx_word' id='word_1_214' title='bbox 1449 2587 1535 2642; x_wconf 87' lang='lat' dir='ltr'><strong>cui</strong></span> 
     </span>
     <span class='ocr_line' id='line_1_34' title="bbox 286 2654 1869 2726; baseline 0 -13"><span class='ocrx_word' id='word_1_215' title='bbox 286 2658 654 2724; x_wconf 84' lang='lat' dir='ltr'><strong>Gratia‚.sama,</strong></span> <span class='ocrx_word' id='word_1_216' title='bbox 680 2658 920 2714; x_wconf 85' lang='lat' dir='ltr'><strong>valetudo</strong></span> <span class='ocrx_word' id='word_1_217' title='bbox 946 2657 1215 2726; x_wconf 83' lang='lat' dir='ltr'><strong>contingat</strong></span> <span class='ocrx_word' id='word_1_218' title='bbox 1241 2654 1442 2710; x_wconf 89' lang='lat' dir='ltr'><strong>abunde</strong></span> <span class='ocrx_word' id='word_1_219' title='bbox 1798 2658 1869 2715; x_wconf 90' lang='lat'><strong>10</strong></span> 
     </span>
     <span class='ocr_line' id='line_1_35' title="bbox 287 2725 1547 2795; baseline -0.002 -10"><span class='ocrx_word' id='word_1_220' title='bbox 287 2725 357 2787; x_wconf 80' lang='lat' dir='ltr'><strong>Et</strong></span> <span class='ocrx_word' id='word_1_221' title='bbox 382 2727 604 2784; x_wconf 87' lang='lat' dir='ltr'><strong>mundus</strong></span> <span class='ocrx_word' id='word_1_222' title='bbox 626 2728 816 2795; x_wconf 85' lang='lat' dir='ltr'><strong>victus,</strong></span> <span class='ocrx_word' id='word_1_223' title='bbox 841 2746 947 2784; x_wconf 94' lang='lat' dir='ltr'><strong>non</strong></span> <span class='ocrx_word' id='word_1_224' title='bbox 971 2727 1241 2783; x_wconf 87' lang='lat' dir='ltr'><strong>deficiente</strong></span> <span class='ocrx_word' id='word_1_225' title='bbox 1264 2727 1547 2783; x_wconf 77' lang='lat' dir='ltr'><strong>crumena?</strong></span> 
     </span>
    </p>
   </div>
  </div>
 </body>
</html>
