2031 2952
280 108 375 182 [22

920 125 1216 178 HORATII

559 325 870 384 OARMEN
906 327 1239 385 XVII.—An
1277 344 1572 386 oAmmAM.

411 441 533 498 JAM
557 443 658 500 'am
683 445 872 501 efficaci
898 444 964 501 do
990 463 1171 501 manus
1196 446 1440 510 scientiae,

415 514 561 586 Supp
584 534 651 571 ex
674 523 727 570 et
754 535 845 571 oro
871 534 1033 589 regna
1054 536 1147 588 per
1170 517 1507 598 Proserpinae,

416 582 522 639 Per
545 592 601 640 et
624 585 808 642 Dianae
830 605 936 641 non
960 588 1213 643 movenda
1236 606 1460 653 numina,

413 654 517 710 Per
541 659 696 727 atque
721 656 875 711 libros
902 659 1185 713 carminum
1209 658 1491 713 valentium

413 725 603 782 Refixa
625 726 752 782 coelo
778 726 1025 783 devocare
1050 729 1233 795 sidera,

415 794 645 863 Canidia,
672 816 822 867 parce
845 797 1058 854 vocibus
1084 798 1290 854 tandem
1316 799 1474 855 sacris

415 865 691 940 Citumque
716 873 853 923 retro
879 868 1021 924 solve
1046 868 1186 924 solve
1210 870 1486 926 turbinem.

412 935 586 993 Movit
610 944 850 1010 nepotem
873 939 1133 1011 Telephus
1158 941 1425 1006 Nereium,

410 1003 482 1065 In
504 1028 655 1081 quem
679 1010 932 1082 superbus
955 1010 1215 1066 ordinarat
1239 1012 1446 1081 agmina

414 1078 687 1152 Mysorum
713 1086 765 1135 et
789 1080 844 1135 in
868 1100 1020 1151 quem
1046 1082 1147 1136 tela
1172 1089 1326 1137 acuta
1349 1085 1585 1138 torserat.

415 1149 631 1208 Unxere
655 1155 844 1208 matres
869 1151 979 1207 Iliae
1005 1151 1264 1207 addictum
1294 1153 1414 1207 feris

418 1221 644 1277 Alitibus
669 1227 825 1294 atque
851 1221 1062 1277 canibus
1087 1222 1393 1278 homicidam
1416 1222 1717 1289 Hectorem,

417 1292 698 1365 Postquam
723 1294 916 1349 relictis
943 1293 1193 1349 moenibus
1217 1312 1309 1348 rex
1332 1293 1553 1365 procidit
1639 1364 1642 1367 ,

413 1362 542 1419 Heu
566 1363 844 1435 pervicacis
870 1363 934 1419 ad
958 1364 1115 1434 pedes
1142 1364 1376 1420 Achillei.

415 1435 600 1491 Setosa
623 1435 764 1491 duris
789 1454 975 1491 exuere
999 1435 1222 1505 pellibus

410 1506 680 1562 Laboriosi
703 1507 921 1578 remiges
946 1507 1123 1563 Ulixei

409 1577 633 1632 Volente
659 1577 808 1633 Circa
829 1578 1058 1632 membra
1078 1599 1091 1642 ;
1125 1581 1253 1633 tunc
1276 1596 1419 1635 mens
1443 1582 1498 1634 et
1523 1598 1682 1635 sonus

411 1648 672 1720 Relapsus
698 1655 851 1722 atque
874 1654 1033 1702 notus
1056 1648 1112 1702 in
1135 1649 1310 1703 vultus
1334 1651 1515 1706 honor.

409 1716 547 1774 Dedi
571 1722 698 1776 satis
722 1739 978 1792 superque
1002 1738 1268 1791 poenarum
1291 1720 1403 1787 tibi,

410 1792 601 1846 Amata
623 1792 794 1847 nautis
819 1792 1039 1845 multum
1065 1795 1118 1845 et
1142 1790 1482 1848 institoribus,

407 1858 451 1915 F
530 1862 568 1916 't
587 1862 827 1934 juventas
852 1868 905 1917 et
928 1860 1253 1917 verecundus
1278 1861 1419 1917 color

408 1881 644 2004 Reuffquit
671 1952 789 1991 ossa
810 1933 942 2007 pelle
968 1933 1158 1988 amicta
1179 1931 1374 2013 lurida3

414 2003 540 2059 Tuis
565 2005 776 2077 capillus
804 2004 948 2060 albus
974 2008 1056 2059 est
1081 2001 1339 2066 odoribUS,

409 2074 629 2132 Nullum
655 2076 717 2133 ab
744 2077 914 2132 labore
938 2094 1021 2131 me
1046 2074 1261 2150 reclinat
1286 2074 1480 2143 otium3

407 2145 581 2219 Urget
606 2148 743 2205 diem
766 2168 870 2204 nox
895 2154 947 2204 et
973 2147 1083 2202 dies
1107 2151 1329 2212 noctem,
1356 2164 1523 2218 neque
1546 2147 1629 2202 est

406 2216 608 2274 Levare
632 2225 779 2275 tenta
803 2221 987 2293 spiritu
1010 2217 1304 2292 praecordia.

407 2288 550 2361 Ergo
575 2298 820 2364 negatum
848 2292 1029 2347 vincor
1052 2294 1113 2345 ut
1138 2288 1341 2350 credam
1365 2288 1536 2354 miser,

409 2360 610 2417 Sabella
631 2368 814 2435 pectus
840 2364 1101 2436 increpare
1127 2361 1350 2417 carmina

410 2430 685 2513 Caputque
713 2435 889 2490 Marsa
914 2434 1134 2490 dissilire
1157 2431 1322 2486 nenia.

407 2500 547 2569 Quid
573 2504 790 2575 amplius
814 2507 932 2562 vis?
1002 2506 1052 2560 Ο
1078 2522 1230 2569 mare,
1258 2521 1290 2558 o
1315 2507 1467 2568 terra,
1495 2500 1666 2566 ardet),

408 2571 678 2639 Quantum
701 2595 867 2648 neque
891 2581 1002 2632 atro
1029 2574 1289 2631 delibutus
1314 2573 1572 2630 Hercules

408 2642 571 2698 Nessi
595 2663 792 2712 cruore,
818 2666 913 2703 nec
937 2648 1123 2703 Sicana.
1143 2645 1341 2701 fervida

406 2712 597 2771 Virens
620 2716 678 2771 in
699 2718 862 2774 AEtna
882 2718 1087 2774 flamma
1100 2740 1117 2787 3
1151 2721 1229 2783 tu,
1256 2715 1418 2772 donec
1442 2714 1573 2772 cinis

1790 1081 1862 1136 10

1788 1792 1861 1847 20

1788 2501 1858 2555 30

2025 2541 2031 2650 4
