2031 2952
555 56 559 61 ’
664 81 828 136 vrrs.
863 79 1179 139 nortun.
1657 83 1727 136 vn

115 198 282 266 deest,
310 197 678 271 corpusculum
708 216 814 255 non
848 198 1010 255 deest.
1085 196 1275 270 Itaque
1310 196 1487 256 licebit
1521 199 1581 257 in
1609 217 1725 257 sex·

114 269 306 327 tariolo
330 270 525 328 scribas
550 290 562 326 :
600 289 760 343 quum
790 268 1038 329 circuitus
1062 268 1337 326 voluminis
1362 270 1441 326 tui
1468 270 1538 327 sit
1572 275 1723 341 ὃγκω·

116 349 373 407 δέστατος,
399 341 643 400 sicut-est
658 341 934 398 ventriculi
957 341 1090 398 tui.’'
1150 339 1239 397 Ad
1262 360 1345 397 res
1361 341 1625 401 Venereas
1649 342 1723 399 in·
1745 331 1809 382 12

113 413 488 486 temperantior
511 411 767 479 traditur3
807 411 949 484 [nam
975 409 1244 484 speculato
1283 411 1522 471 cubiculo
1551 421 1725 471 scorta

116 484 310 540 dicitur
347 482 589 540 habuisse
631 483 895 556 disposita,
930 487 1006 550 ut,
1079 501 1352 564 uocunque
1389 482 1720 566 respexisset,

117 555 193 611 ibi
241 556 291 611 ei
336 556 507 628 imago
549 555 715 610 coitus
755 500 1081 625 referretur}
1153 553 1304 609 Vixit
1355 553 1633 626 plurimum
1669 555 1723 610 in
1743 555 1807 604 13

140 642 353 683 secessu
376 625 584 682 rurisui
611 625 787 683 Sabini
818 629 909 681 aut
935 624 1226 681 Tiburtini:
1268 624 1558 709 domusque
1584 629 1697 699 ejus

118 697 414 753 ostenditur
437 696 572 753 circa
598 696 814 752 Tiburni
836 695 1085 752 luculum.
1161 695 1438 752 Venerunt
1463 715 1517 752 1n
1540 715 1723 753 manus
1745 693 1811 743 14

120 769 279 824 measi
301 771 356 823 et
372 767 525 838 Elegi
547 767 644 823 sub
662 767 775 840 ejus
799 767 970 833 titulo,
985 770 1041 822 et
1063 766 1301 849 Epistola
1316 784 1471 839 prosa
1494 769 1725 825 oratione

119 839 273 910 quasi
307 838 711 895 commendantis
751 856 807 894 se
848 837 1162 894 Maecenati:
1209 837 1303 895 sed
1339 843 1559 911 utraque
1596 838 1726 894 falsa

121 914 294 982 put03
335 928 457 965 nam
494 909 647 981 Elegi
684 909 939 979 vulgares,
979 909 1220 981 Epistola
1265 910 1423 965 etiam
1465 911 1720 966 obscura:

165 999 231 1036 uo
254 980 385 1036 vitio
428 979 639 1036 minime
679 979 970 1037 tenebatur.
1057 981 1233 1037 Natus
1283 985 1363 1037 est
1406 985 1557 1038 sexto
1593 980 1722 1036 Idus
1743 975 1808 1026 15

120 998 453 1116 sseeembres,
494 1051 663 1107 Lucio
707 1051 869 1106 Cotta
914 1054 969 1107 et
1008 1051 1178 1107 Lucio
1227 1052 1491 1123 Torquato
1540 1070 1725 1108 consu-

120 1121 259 1178 libus
275 1122 316 1175 ‘¹-
391 1121 634 1178 Decessit
676 1122 858 1194 quinto
905 1121 1169 1177 Kalendas
1217 1122 1549 1189 Decembres,
1595 1123 1723 1178 Caio
1742 1117 1806 1167 16

123 1192 328 1249 Marcio
366 1192 654 1250 Censorino
697 1196 751 1248 et
794 1192 921 1249 Caio
959 1193 1141 1248 Asinio
1180 1193 1329 1249 Gallo
1368 1193 1665 1249 consulibus
1684 1202 1721 1259 ⁶,

124 1268 246 1335 post
297 1264 571 1337 septimum
623 1267 676 1319 et
730 1263 1207 1334 quinquagesimum
1266 1283 1472 1330 annum,
1522 1262 1723 1320 haerede

119 1334 365 1406 Augusto
403 1336 569 1407 palam
601 1338 913 1406 nuncupato,
942 1352 1117 1405 quum,
1143 1334 1365 1406 urgente
1395 1334 1446 1391 vi
1472 1333 1720 1390 valetudi-

119 1404 219 1471 niS,
257 1423 360 1460 non
397 1406 652 1462 sufficeret
685 1404 752 1460 ad
786 1402 1131 1478 obsignandas
1165 1405 1466 1461 testamenti
1501 1405 1720 1462 tabulas,

123 1475 392 1532 Humatus
442 1483 495 1533 et
544 1476 781 1533 conditus
835 1482 916 1532 est
965 1476 1214 1532 extremis
1261 1476 1524 1551 Esquiliis,
1570 1478 1723 1552 Juxta
1743 1478 1806 1533 17

123 1546 433 1605 Maecenatis
453 1548 730 1606 tumulum.

727 1779 765 1823 2.
820 1778 1109 1823 Anounss.

192 1856 426 1919 Quintus
457 1853 714 1912 Horatius
748 1856 984 1924 Flaccus,
1011 1855 1255 1913 libertino
1290 1858 1437 1931 patre
1472 1856 1628 1912 natus
1664 1855 1722 1913 in
1740 1846 1770 1896 1

125 1928 326 1998 Apulia,
350 1944 472 1983 cum
512 1931 726 2000 parente
761 1926 818 1982 in
855 1928 1073 1985 Sabinos
1095 1927 1480 2000 commigravit.
1552 1927 1721 1997 Quem
1740 1924 1771 1971 2

121 2016 239 2053 cum
265 2002 414 2069 pater
437 2014 659 2080 puerum
696 1998 921 2055 Romam
958 1998 1187 2055 misisset
1223 2000 1279 2055 in
1314 1998 1494 2054 ludum
1521 1998 1720 2053 littera-

128 2068 280 2135 rium,
310 2068 627 2141 parcissimis
652 2068 890 2125 eruditus
929 2068 1194 2141 impensis,
1242 2070 1507 2141 angustias
1549 2068 1713 2141 patris

121 2137 246 2196 vicit
269 2139 494 2211 ingenio,
513 2138 780 2211 coluitque
797 2139 1096 2195 adolescens
1115 2141 1360 2207 Brutum,
1382 2140 1479 2196 sub
1504 2158 1606 2212 quo
1631 2140 1723 2194 tri-

122 2208 294 2268 bunus
326 2209 549 2266 militum
568 2209 691 2267 civli
710 2210 846 2266 bollo
864 2210 1104 2265 militavit
1124 2233 1136 2265 :
1169 2216 1453 2284 captusque
1470 2229 1502 2265 a
1520 2211 1723 2267 Caesare

122 2286 241 2355 post
276 2281 501 2338 multum
537 2285 763 2355 tempus,
793 2280 1039 2336 beneflcio
1076 2281 1380 2338 Maecenatis
1414 2299 1521 2338 non
1556 2279 1724 2336 solum

124 2365 374 2419 servatus,
408 2352 499 2408 sed
518 2351 670 2409 etiam
689 2350 746 2409 in
769 2351 1047 2409 amicitiam
1063 2357 1305 2425 receptus
1330 2356 1411 2408 est
1424 2375 1438 2419 ;
1477 2369 1728 2426 quaprop-

122 2426 203 2479 ter
233 2424 509 2481 Maecenati
527 2427 581 2478 et
612 2422 699 2482 Au
799 2427 857 2480 to
881 2424 936 2479 in
959 2421 1198 2480 omnibus
1221 2423 1428 2506 scriptis
1447 2424 1555 2482 suis
1574 2440 1726 2481 vene-

127 2494 359 2550 rabiliter
394 2493 637 2567 assurgit.
699 2442 930 2567 ggcsripsit
967 2500 1143 2551 autem
1181 2494 1476 2551 carminum
1511 2494 1599 2552 lib.
1637 2494 1722 2563 iv„
1741 2511 1773 2560 3

126 2605 265 2706 Egi&
284 2606 407 2699 iub&
416 2607 531 2700 ἔξω
557 2607 609 2651 A.
626 2607 671 2651 c.
692 2607 771 2660 ⁶⁵3
799 2606 853 2652 er.
874 2606 985 2652 Hor.
1010 2605 1157 2651 oum.
1178 2605 1241 2652 ω.
1261 2605 1325 2652 21.
1347 2607 1399 2662 ις
1425 2605 1567 2659 Εροα.
1587 2607 1647 2652 18.
1665 2606 1693 2649 e
1705 2616 1721 2660 ς

80 2755 83 2760 ,
174 2713 192 2737 ·
214 2707 263 2750 A.
286 2708 340 2751 U.
362 2708 407 2752 c.
431 2707 527 2767 μω
558 2708 608 2754 A.
632 2707 676 2754 c,
698 2707 735 2753 8.
