2031 2952
328 161 396 212 76

976 152 1126 203 HOR
1135 151 1272 202 A'rn

622 309 937 370 CARMEN
975 312 1298 368 xxv-An
1335 324 1613 367 BAccnuM

469 425 595 498 Quo
619 447 716 495 me,
740 429 962 494 Bacche,
988 428 1128 498 rapis
1150 427 1231 482 tui

544 498 801 555 Plenum?
840 519 953 572 quae
977 517 1190 554 nemora
1212 500 1305 554 aut
1332 513 1462 568 quos
1487 513 1614 573 agor
1635 494 1692 549 in
1712 509 1901 566 specus

473 569 644 625 Velox
667 574 840 626 mente
863 572 1036 625 nova?
1074 568 1262 642 quibus

541 641 724 696 Antris
751 660 874 712 egre
914 640 943 652 ’'
972 640 1193 696 Gaesaris
1218 637 1397 695 audiar
1457 674 1462 679 -

469 708 744 766 AEternum
773 731 855 767 me
891 717 1029 767 ltans
1055 711 1213 767 decus

545 782 719 838 Stellis
745 783 969 838 inserere
994 785 1050 837 et
1075 781 1286 838 consilio
1310 779 1495 834 Jovis?

472 850 659 909 Dicam
681 853 886 926 insigne
910 872 1087 908 recens
1112 851 1279 907 adhuc

544 923 813 980 Indictum
837 942 926 979 ore
951 922 1067 979 alio.
1139 922 1266 978 Non
1289 940 1437 977 secus
1461 921 1517 976 in
1533 918 1673 993 jugis

412 1021 417 1031 ·
476 992 755 1051 Exsomnis
782 998 961 1068 stupet
986 993 1146 1049 Euias

548 1066 787 1123 Hebrum
813 1065 1128 1137 prospiciens
1152 1066 1205 1120 et
1230 1061 1349 1118 nive
1375 1063 1640 1118 candidam

475 1137 712 1194 Thracen
737 1157 797 1193 ac
822 1137 949 1209 pede
973 1135 1191 1192 barbaro

545 1209 849 1265 Lustratam
874 1207 1181 1278 Rhodopen,
1208 1210 1268 1260 ut
1294 1205 1419 1260 mihi
1442 1203 1590 1260 devio

477 1279 641 1350 Ripas
666 1284 720 1335 et
743 1297 962 1335 vacuum
986 1296 1167 1332 nemus

547 1349 734 1406 Mirari
757 1349 899 1405 libet.
971 1348 1022 1404 Ο
1044 1347 1304 1403 Naiadum
1328 1350 1512 1421 potens

478 1420 904 1494 Baccharumque
927 1419 1211 1475 valentium

549 1492 799 1549 Proceras
824 1490 1057 1547 manibus
1081 1494 1281 1546 vertere
1306 1490 1548 1557 fluxium,

479 1562 585 1619 Nil·
635 1582 810 1618 arvum
836 1566 927 1617 aut
951 1561 1134 1616 humili
1156 1560 1324 1628 mod0,

613 1634 650 1688 il
673 1632 886 1689 mortale
912 1633 1106 1703 loquar.
1178 1632 1346 1688 Dulce
1370 1630 1653 1704 periculum
1677 1643 1774 1687 est.

480 1703 530 1759 Ο
552 1703 755 1770 Lenaee‚
783 1704 930 1775 sequi
955 1704 1128 1759 Deum

554 1775 860 1847 Cingentem
884 1774 1038 1830 viridi
1061 1778 1294 1847 tempora
1316 1774 1572 1847 pampino,

620 1999 933 2055 GARMEN
970 1999 1325 2054 XXVI.-AD
1362 2015 1651 2055 vnnnnsu.

550 2114 690 2169 VIXI
750 2113 900 2169 uellis
924 2131 1092 2183 nuper
1114 2112 1347 2178 idoneUS,

551 2185 622 2239 Et
646 2185 718 2239 mi
737 2184 867 2239 itavi
891 2202 995 2239 non
1021 2183 1132 2238 sine
1157 2182 1320 2254 gloria
1334 2205 1349 2249 3

622 2255 781 2310 Nunc
806 2273 946 2310 arma
969 2252 1373 2324 defunctumque
1397 2252 1531 2308 bello

693 2324 948 2381 Barbiton
971 2324 1058 2379 hic
1084 2322 1249 2392 paries
1274 2322 1498 2391 habebit,

553 2395 768 2451 Laevum
796 2395 1002 2449 marinae
1028 2394 1118 2465 qui
1142 2393 1364 2449 Veneris
1389 2393 1528 2449 latus

557 2466 812 2521 Custodit.
887 2465 993 2519 Hic
1018 2464 1102 2519 hio
1127 2464 1303 2535 ponite
1328 2464 1501 2520 lucida

626 2536 846 2591 Funalia
869 2539 922 2590 et
947 2540 1123 2590 vectes
1147 2539 1200 2590 et
1225 2553 1374 2589 arcus

699 2605 967 2676 Oppositis
992 2604 1190 2660 foribus
1214 2605 1458 2660 minaces.

556 2675 605 2729 Ο
631 2693 744 2747 quae
767 2675 965 2730 beatam
993 2674 1114 2729 diva
1135 2679 1282 2729 tenes
1308 2675 1538 2748 Cyprum
1563 2681 1617 2731 et

556 2745 828 2811 Memphin
850 2749 1110 2800 carentem
1135 2745 1372 2801 Sithonia
1396 2747 1529 2813 nive,

1856 1058 1931 1114 10

1870 1773 1948 1829 20

1891 2749 1963 2803 10

2012 574 2015 733 1
