2031 2952
921 111 1217 163 HORA'HI

621 254 935 310 CARMEN
975 256 1191 310 V.—An
1231 271 1519 314 PYRRHAH.

409 363 551 430 QUIS
575 358 740 415 multa
764 360 968 431 gracilis
996 365 1050 415 te
1075 369 1204 433 puer
1228 361 1283 416 in
1306 380 1425 418 rosa

409 432 662 488 Perfusus
686 430 894 503 liquidis
918 436 1073 504 urget
1098 432 1361 500 odoribus»,

470 556 473 559 .
554 503 732 568 Grat0,
759 502 974 573 Pyrrha,
1000 502 1100 558 sub
1127 504 1317 559 antro?

632 636 639 642 ,
690 572 793 628 Cui
816 572 999 629 flavam
1025 573 1212 646 religas
1237 591 1451 640 comam,

411 643 639 716 Simplex
664 642 970 699 munditiis?
1045 644 1171 698 Heu
1196 644 1401 717 quoties
1425 642 1579 699 fidem

410 715 756 786 Mutatosque
780 713 925 770 Deos
950 712 1095 769 flebit
1121 722 1175 771 et
1200 734 1383 786 aspera

549 785 732 856 Nigris
755 802 960 855 aequora
984 785 1156 841 ventis

442 910 445 915 ,
692 855 1010 917 Emirabitur
1033 854 1275 923 insolenS‚

409 925 514 994 Qui
535 943 674 981 nunc
697 928 752 981 te
775 926 968 982 fruitur
993 926 1233 982 credulus
1259 944 1442 993 aurea3

267 1050 293 1072 .,
319 1034 337 1061 a
352 1026 389 1059 «ι
410 997 513 1066 Qui
540 1015 741 1068 semper
764 1015 995 1077 vagnam,
1026 1016 1228 1070 semper
1253 996 1517 1053 amabilem
1794 994 1870 1052 10

552 1068 738 1140 Sperat
763 1069 967 1124 nescius
993 1087 1131 1124 aurae

693 1139 925 1196 Fallacia.
1000 1139 1201 1205 Miseri,
1229 1139 1417 1211 quibus

409 1210 680 1266 Intentata
702 1211 870 1266 nites!
944 1211 1039 1265 Me
1062 1210 1242 1267 tabula
1263 1228 1407 1267 sacer

412 1281 602 1336 Votiva
623 1281 791 1353 paries
816 1280 1012 1336 indicat
1037 1280 1195 1336 uvida.

554 1350 894 1422 Suspendisse
917 1352 1123 1422 potenti

693 1420 1024 1479 Vestimenta
1046 1421 1200 1479 maris
1223 1423 1355 1479 Deo.

519 1655 525 1661 ‚
597 1563 914 1630 CARMEN
953 1575 1203 1631 VL-An
1240 1590 1540 1631 Acnn’rm.

413 1696 710 1752 SCRIBERIS
736 1697 898 1752 Vario
924 1697 1073 1753 sortis
1099 1701 1152 1754 et
1174 1696 1403 1752 hostium

408 1766 597 1822 Victor
620 1768 833 1823 Maeonii
857 1769 1097 1824 carminis
1122 1768 1244 1823 alite
1261 1768 1292 1834 f,

409 1837 577 1906 Quam
604 1857 710 1893 rem
737 1857 941 1909 cunque
965 1840 1112 1894 ferox
1138 1838 1354 1894 navibus
1379 1840 1471 1892 aut
1495 1836 1641 1909 equis

550 1907 707 1964 Miles
732 1912 785 1964 te
811 1909 941 1965 duce
965 1910 1200 1981 gesserit.
1515 1951 1518 1954 -

407 1976 544 2044 Nos,
573 1979 824 2051 Agrippa,
852 1998 1021 2051 neque
1046 1981 1157 2036 haec
1182 1978 1366 2047 dicere,
1394 1996 1491 2034 nec
1514 1993 1722 2048 gravem

405 2047 602 2105 Pelidae
628 2050 949 2105 stomachum
976 2050 1158 2106 cedere
1182 2049 1359 2115 nescii,

408 2118 526 2174 Nec
550 2138 734 2175 cursus
759 2119 976 2193 duplicis
1002 2139 1095 2192 per
1119 2137 1257 2176 mare
1281 2119 1476 2185 Ulixei,

466 2192 472 2199 ’
547 2190 600 2243 N
601 2207 660 2244 ec
685 2209 873 2247 saevam
895 2185 1104 2262 Pelopis
1127 2190 1337 2245 domum

408 2258 684 2324 Conamur,
714 2264 896 2316 tenues
959 2259 1152 2327 randia,
1179 2260 1302 2314 dum
1328 2257 1494 2330 pudor

406 2327 742 2402 Imbellisque
767 2329 891 2400 lyrae
980 2349 1076 2385 usa
1097 2334 1287 2402 potens
1310 2332 1455 2385 vetat
1795 2323 1866 2377 10

406 2398 617 2454 Laudes
643 2400 840 2470 egregii
864 2399 1082 2456 Caesaris
1107 2403 1162 2455 et
1184 2404 1305 2456 tuas

500 2537 510 2548 υ
552 2467 719 2539 Culpa
743 2469 976 2525 deterere
999 2469 1193 2550 ingeni.

408 2537 540 2606 Quis
566 2537 794 2594 Martem
817 2540 999 2596 tunica
1022 2542 1223 2596 tectum
1249 2537 1577 2596 adamantina

406 2606 583 2679 Digne
609 2608 912 2679 scripserit?
950 2612 1041 2665 aut
1067 2609 1277 2681 pulvere
1303 2610 1487 2665 Troico

1000 2712 1020 2740 f
1041 2710 1137 2751 auti
