2031 2952
540 188 942 238 SATIRARUM
975 187 1050 238 11.
1085 191 1133 247 2,
1167 190 1215 238 3.
1578 188 1678 239 163

0 344 3 351 -
88 304 245 363 [ratis
267 306 421 360 natus
444 302 612 376 paries
636 303 735 358 Dis
761 307 914 375 atque
939 303 1124 374 poetis,

0 354 3 431 l
88 376 254 448 Atqui
275 376 455 430 vultus
481 379 591 430 erat
615 375 779 428 multa
803 379 856 429 et
879 374 1122 445 praeclara
1145 374 1403 441 minantiS,

90 447 148 502 Si
174 465 393 502 vacuum
418 445 590 515 tepido
616 444 835 516 cepisset
860 444 1039 499 villula
1060 451 1217 501 tecto,
1604 446 1672 499 10

87 518 348 586 Quorsum
409 515 623 570 ertinuit
648 516 838 585 stipare
863 516 1082 571 Platona
1105 515 1410 581 Menandro,

86 588 330 658 Eupolin,
408 586 737 651 rchilochum,
765 586 976 641 comites
1003 586 1221 641 educere
1245 586 1457 642 tantos?

87 658 344 713 Invidiam
369 657 572 730 placare
595 675 744 729 paras
771 657 964 711 virtute
990 657 1212 723 relicta?

78 729 432 784 ,Contemnere
458 727 642 794 miser3
680 726 893 793 vitanda
911 732 991 781 est
1017 728 1248 799 improba
1272 727 1420 782 Siren

0 852 1 857 ,
86 798 316 865 Desidia,
343 806 433 854 aut
460 797 707 869 quidquid
728 797 838 852 vita
862 798 1068 852 meliore
1093 798 1297 869 parasti,

85 869 389 925 Ponendum
416 887 564 941 aequo
589 869 807 923 animo.”
864 868 985 923 “Di
1009 877 1080 935 te,
1103 869 1429 941 Damasippe,
1448 870 1675 942 Deaeque

85 940 287 995 Verum
310 940 376 995 ob
403 939 671 996 consilium
696 937 887 994 donent
911 943 1137 994 tonsore.
1214 941 1314 994 Sed
1341 940 1477 995 unde

86 1012 214 1067 Tam
229 1010 359 1067 bene
374 1029 454 1066 me
470 1010 607 1065 nosti
618 1009 674 1065 ?”
716 1010 1039 1080 “Postquam
1059 1010 1221 1065 omnis
1237 1029 1319 1065 res
1334 1030 1447 1067 mea
1460 1012 1496 1066 J
1496 1031 1651 1067 anum

64 1080 174 1138 ,Ad
200 1081 421 1136 medium
448 1082 609 1136 fracta
633 1084 731 1144 est,
758 1079 921 1135 aliena
944 1082 1153 1151 negotia
1175 1099 1316 1148 cui-0,

85 1152 356 1208 Excussus
381 1151 616 1223 propriis,
693 1150 828 1206 Olim
851 1169 968 1205 nam
993 1170 1222 1220 quaerere
1247 1152 1493 1220 amabam,
1606 1156 1673 1210 20

87 1223 212 1282 Quo
239 1223 378 1277 vafer
400 1222 484 1277 ille
509 1221 667 1292 pedes
692 1220 902 1276 lavisset
930 1222 1181 1293 Sisyphus
1206 1241 1320 1289 aere,

85 1292 225 1361 Quid
249 1293 506 1364 sculptum
532 1292 742 1357 infabre,
804 1291 894 1346 uid
918 1292 1087 1346 fusum
1116 1292 1293 1348 durius
1317 1297 1454 1350 esset
1476 1317 1489 1350 z

87 1363 316 1418 Callidus
342 1363 461 1418 huic
486 1363 633 1434 signo
661 1379 793 1432 pone
831 1380 911 1417 am
936 1363 1097 1417 millia
1120 1371 1356 1432 centum3

85 1434 287 1491 Hortos
313 1434 643 1506 egregiasque
668 1433 848 1489 domos
872 1432 1142 1489 mercarier
1165 1454 1298 1491 unus

87 1506 220 1560 Cum
245 1506 388 1560 lucro
411 1523 618 1571 noram3
655 1504 791 1560 unde
817 1504 1103 1577 frequentia
1126 1507 1435 1563 Mercuriale

86 1578 388 1648 Imposuere
415 1576 536 1630 mihi
561 1595 844 1646 cognomen
869 1576 1146 1658 compita.'’
1222 1583 1253 1606 “
1270 1580 1426 1646 Novi,

85 1648 159 1703 Et
183 1648 340 1703 miror
363 1646 526 1702 morbi
550 1653 825 1720 purgatum
854 1655 907 1703 tc
933 1647 1120 1703 ilhus.’'
1196 1651 1400 1721 “Atqui

86 1718 297 1774 Emovit
323 1723 545 1774 veterem
572 1721 697 1772 mire
722 1738 901 1786 novus,
927 1723 988 1773 ut
1015 1718 1163 1784 solet,
1188 1719 1244 1775 in
1266 1738 1356 1776 cor

86 1789 325 1862 Trajecto
349 1789 524 1844 lateris
549 1790 720 1845 miseri
745 1792 991 1862 capitisve
1019 1790 1212 1857 dolore,
1377 1792 1546 1863 [get.'’
1607 1794 1676 1848 30

87 1861 169 1916 Ut
214 1860 527 1932 lethargicus
577 1860 661 1915 hic
709 1881 863 1932 quum
912 1861 972 1916 fit
1014 1863 1159 1934 pugil
1204 1867 1259 1918 et
1299 1864 1550 1918 medicum
1587 1882 1675 1917 ur-

90 1931 278 1985 “Dum
311 1950 376 1986 ne
410 1930 535 2012 quid
567 1931 729 1987 simile
762 1932 898 2000 huic,
925 1937 1038 1988 esto
1063 1945 1123 1987 ut
1149 1933 1348 1989 libet.’'.
1405 1934 1500 1988 “O
1526 1933 1673 1997 bone,

86 2001 391 2069 Frustrere3
428 2002 620 2057 insanis
646 2009 700 2057 et
723 2010 786 2058 tu
809 2004 1061 2075 stultique
1086 2023 1243 2076 prope
1268 2023 1458 2069 omne8‚
1505 2004 1595 2075 [ne
1619 2009 1674 2058 te

89 2072 145 2127 Si
170 2072 294 2143 quid
319 2073 596 2127 Stertinius
619 2074 727 2128 veri
752 2080 943 2145 crepat,
968 2076 1107 2130 unde
1132 2094 1229 2145 ego
1253 2076 1382 2130 mira

86 2142 353 2216 Descripsi
378 2142 557 2198 docilis
581 2152 842 2225 praecepta
865 2145 987 2212 haec,
1014 2151 1119 2199 tem
1160 2164 1247 2201 ore
1272 2164 1374 2217 quo
1398 2162 1480 2200 me

89 2212 294 2268 Solatus
314 2214 473 2286 jussit
498 2219 780 2285 sapientem
808 2234 1019 2287 pascere
1044 2215 1136 2271 bar
1172 2233 1252 2272 am

87 2284 262 2355 Atque
287 2303 318 2339 a
339 2283 573 2339 Fabricio
596 2303 701 2338 non
724 2285 926 2341 tristem
950 2292 1107 2358 ponte
1132 2287 1334 2343 reverti.

88 2354 226 2410 Nam
251 2354 382 2410 male
405 2374 460 2409 re
521 2359 631 2410 esta
655 2375 811 2427 quum
837 2357 1021 2412 vellem
1045 2357 1250 2413 mittere
1275 2362 1456 2430 operto

88 2425 182 2481 Me
207 2426 373 2495 capite
396 2427 450 2480 in
513 2445 680 2492 umen,
709 2428 891 2482 dexter
916 2428 1080 2493 stetit,
1108 2434 1177 2496 et,
1206 2433 1218 2457 ‘
1237 2429 1373 2484 Cave
1397 2427 1531 2483 faxis

88 2496 162 2549 Te
186 2495 461 2568 quidquam
486 2495 751 2568 indignum
771 2521 786 2565 3
825 2498 1025 2568 pudor,’
1043 2498 1224 2569 inquit,
1250 2500 1507 2556 ‘temalus
1528 2499 1671 2572 angit

2 2601 7 2628 a
89 2566 305 2622 Insanos
331 2567 422 2639 qui
444 2567 580 2621 inter
604 2586 808 2624 vereare
832 2569 1042 2624 insanus
1067 2569 1255 2627 haberi.
1602 2574 1671 2627 40

4 2639 5 2674 ἓ
89 2636 314 2700 Primum
341 2657 459 2692 nam
483 2638 750 2708 inquiram,
772 2639 893 2709 quid
913 2641 983 2693 sit
1005 2642 1204 2697 furere:
1246 2643 1344 2698 hoc
1364 2643 1408 2699 si
1432 2641 1529 2699 erit
1548 2642 1601 2697 in
1617 2650 1672 2698 te

91 2707 228 2774 Solo,
252 2708 326 2764 nil
349 2707 504 2774 verbi,
533 2726 712 2779 pereas
737 2711 861 2781 quin
884 2710 1104 2776 fortiter,
1133 2712 1331 2770 addam.

92 2778 255 2850 Quem
279 2778 414 2836 mala
435 2777 658 2836 stultitia
681 2784 735 2836 et
759 2799 1117 2854 quemcunque
1140 2784 1345 2842 inscitia
1366 2786 1475 2844 veri
