2031 2952
684 121 1089 173 SATIRARUM
1122 122 1197 173 11.
1230 126 1278 174 3.
1677 122 1776 175 171

185 241 407 313 AEgmm
434 258 499 295 ex
522 238 789 312 praecipiti,
815 241 978 294 mater
1002 238 1162 294 delira
1183 237 1387 294 necabit

185 313 255 367 In
280 310 449 384 gelida
472 311 632 366 fixum
656 312 768 381 ripa
793 310 1071 381 febrimque
1094 308 1323 375 reducet,
1723 372 1742 389 ·

184 383 371 451 Quone
395 382 528 436 malo
553 390 778 436 mentem
801 381 1090 437 concussa?
1162 381 1367 436 Timore
1391 379 1639 437 Deorum.

182 454 319 513 Haec
342 452 465 508 mihi
491 452 786 518 Stertinius,
814 452 1102 523 sapientum
1127 458 1355 516 octavus,
1383 451 1545 507 amico

185 526 348 579 Arma
371 523 531 589 dedit,
556 522 773 595 posthac
797 540 863 576 ne
888 521 1220 603 compellarer
1243 521 1457 577 inultus.

186 595 396 649 Dixerit
421 595 655 648 insanum
683 593 770 664 qui
796 611 893 659 me,
918 593 1138 648 totidem
1162 592 1338 648 audiet
1362 598 1519 664 atque

186 664 471 747 Respicere
495 664 676 736 ignoto
702 663 867 719 discet
891 662 1167 745 pendentia
1189 664 1388 735 tergo.”

78 742 91 746 “
190 740 225 763 “
242 737 431 801 Storoe,
457 740 577 806 post
603 735 843 789 damnum
867 752 943 789 sle
967 734 1159 789 vendas
1184 734 1355 789 omnia
1377 733 1557 806 pluris-
1676 735 1780 789 300

188 805 312 866 Qua
334 824 416 860 me
439 805 678 870 stultitia,
740 805 946 860 uoniam
969 823 1074 859 non
1097 809 1179 860 est
1203 823 1367 875 genus
1391 823 1568 870 unum,

188 876 425 933 Insanire
448 877 640 948 putas?
761 893 827 945 go
852 893 969 930 nam
993 874 1173 931 videor
1199 875 1321 930 mihi
1346 876 1555 930 sanu3.”

193 952 229 976 “
242 946 396 1016 Quid,
423 964 482 1002 oa
519 951 579 1001 ut
604 946 887 1001 abscissum
910 944 1146 1001 manibus
1204 964 1329 1000 uum
1354 949 1527 1041 portat
1550 946 1729 1018 Agave

193 1017 353 1074 Gnati
376 1017 478 1071 infe
504 1018 609 1083 cis,
637 1015 737 1071 sibi
760 1026 872 1071 tum
898 1016 1093 1071 furiosa
1115 965 1358 1072 videtur?
1380 1019 1395 1042 ’

193 1092 228 1118 “
246 1087 474 1142 Stultum
498 1106 580 1142 me
604 1088 785 1152 fateor,
809 1087 961 1142 liceat
985 1087 1266 1143 concedere
1290 1087 1442 1154 veris,

193 1160 371 1230 Atque
396 1158 551 1213 etiam
573 1158 841 1226 insanum3
877 1163 1081 1213 tantum
1106 1158 1205 1215 hoc
1230 1159 1469 1223 edissere,
1496 1175 1599 1229 quo
1623 1176 1706 1213 me

190 1229 262 1285 AE
303 1234 471 1285 rotare
495 1237 648 1302 putes
673 1228 828 1284 animi
850 1228 976 1284 vitio
993 1231 1050 1285 P’'
1124 1230 1394 1302 “Accipe:
1433 1231 1657 1302 primum

192 1300 263 1356 AE
302 1300 458 1367 ifieas,
483 1300 583 1356 hoe
606 1306 704 1368 est,
729 1301 911 1373 longos
935 1300 1170 1367 imitaris,
1195 1300 1258 1356 ab
1284 1301 1386 1355 imo

194 1370 280 1426 Ad
305 1389 561 1426 summum
584 1375 731 1426 totus
754 1371 948 1426 moduli
974 1371 1236 1442 bipedalis,
1262 1378 1317 1427 et
1340 1370 1477 1427 idem

198 1442 428 1514 Corpore
452 1441 690 1513 majorem
717 1441 853 1498 rides
878 1441 1134 1498 Turbonis
1158 1443 1215 1498 in
1238 1443 1391 1498 armis
1682 1443 1786 1498 310

200 1513 449 1586 Spiritum
473 1519 527 1568 et
553 1514 838 1570 incessum:
879 1514 968 1586 qui
991 1513 1238 1569 ridiculus
1263 1514 1433 1570 minus
1457 1513 1584 1569 illo?

197 1586 286 1640 An
308 1583 648 1656 quodcunque
675 1586 796 1640 facit
820 1585 1097 1652 Maecenas,
1123 1591 1178 1642 te
1204 1603 1407 1658 quoque
1430 1603 1610 1640 verum
1635 1588 1716 1640 est

198 1655 419 1711 Tantum
447 1654 738 1711 dissimilem
766 1660 819 1710 et
842 1661 990 1711 tanto
1014 1660 1213 1711 certare
1237 1656 1522 1712 minorem?

197 1725 445 1782 Absentis
470 1745 606 1781 ranae
629 1726 782 1808 pullis
806 1726 958 1782 vituli
981 1726 1111 1798 pede
1134 1730 1347 1798 pressis,

199 1796 352 1852 Unus
376 1796 467 1852 ubi
489 1798 686 1868 effugit,
711 1798 865 1852 matri
889 1797 1145 1864 denarrat,
1171 1804 1235 1852 ut
1257 1798 1441 1870 ingens

198 1867 383 1923 Bellua
407 1872 656 1939 cognatos
682 1867 891 1924 eliserit.
964 1868 1067 1924 Illa
1089 1887 1297 1940 rogare:

203 1943 219 1966 ‘
232 1937 542 2006 QuantaneP
579 1956 704 1994 num
722 1938 962 2006 tantum,’
979 1939 1187 1994 sufflans
1204 1957 1274 2004 se,
1294 1935 1529 2010 ‘magna¹
1551 1937 1735 1992 fuisset
1748 1935 1790 1993 ?’

204 2008 406 2081 ‘Major
430 2008 674 2065 dimidio?
749 2010 923 2066 ‘Num
946 2015 1095 2064 tanto
1110 2010 1152 2065 P’
1222 2009 1402 2068 Quum
1425 2008 1588 2079 magis
1612 2014 1769 2079 atque

204 2078 272 2134 Se
295 2078 458 2151 magis
481 2079 682 2135 inflaret
704 2101 720 2145 ;
761 2084 777 2108 ‘
793 2081 935 2146 Non,
961 2081 1004 2135 si
1029 2086 1083 2135 te
1106 2080 1338 2151 ruperis,'
1362 2079 1548 2150 inquit,

205 2153 221 2177 ‘
236 2149 340 2204 Par
364 2150 498 2205 eris.’
569 2150 700 2206 Haee
725 2168 757 2205 a
778 2155 833 2205 te
856 2168 962 2205 non
983 2150 1204 2205 multum
1229 2149 1425 2205 abludit
1449 2150 1634 2221 imago.
1687 2149 1791 2204 320

206 2218 356 2276 Adde
380 2223 623 2302 poemata
646 2240 801 2287 nuno,
826 2221 924 2276 hoc
948 2227 1046 2286 est,
1073 2220 1239 2275 oleum
1268 2218 1396 2275 adde
1421 2219 1618 2275 camino
1642 2240 1657 2286 3

204 2289 339 2350 Quae
364 2309 410 2345 s1
434 2291 549 2363 quis
574 2310 729 2347 sanus
755 2291 896 2357 facit,
922 2297 975 2346 et
1001 2309 1156 2346 sanus
1181 2291 1337 2346 facies
1360 2295 1438 2346 tu.
1519 2339 1524 2344 .

80 2425 96 2440 ·
204 2360 329 2416 Non
346 2360 461 2417 dico
478 2361 781 2418 horrendam
800 2361 1043 2418 rabiem.”
1081 2362 1244 2417 “Jam
1265 2361 1492 2418 desine.''
1529 2364 1562 2389 “
1579 2360 1795 2417 Cultum

205 2430 456 2500 Maiorem
482 2433 693 2488 oensu.'’
766 2432 1027 2497 “Teneas‚
1053 2432 1383 2504 Damasippe‚
1407 2432 1515 2487 tuis
1538 2434 1645 2489 te.'’

207 2504 242 2528 “
261 2501 410 2557 Mille
434 2502 734 2575 puellarum,
763 2520 1033 2573 puerorum
1061 2503 1199 2558 mille
1224 2504 1476 2559 suroresss’

208 2572 305 2628 “0
329 2572 492 2646 major
515 2572 720 2629 tandem
746 2591 941 2645 parcas,
967 2575 1161 2641 insane,
1185 2574 1369 2629 minori
1386 2574 1437 2631 !''

636 2660 1375 2713 ltandem,seinflans,siomagna
