2031 2952
627 142 1035 194 SATIRARUM
1069 142 1115 193 1.
1149 145 1196 201 2,
1229 144 1280 192 3.
1647 140 1746 189 133

126 261 336 334 -Usque
362 259 428 315 ad
450 258 586 316 mala
609 260 794 317 citaret
808 260 839 327 ¹,
870 264 904 289 “
917 260 982 315 Io
1007 258 1212 314 Bacche
1232 258 1288 310 !”
1324 254 1479 311 modo
1504 272 1706 310 summa

150 333 315 397 Voce,
340 330 494 386 modo
518 330 628 397 hac,
655 335 863 386 resonat
890 348 1006 403 quae
1033 329 1238 385 chordis
1265 332 1514 400 quattuor
1536 325 1654 380 iuia.

150 402 249 459 Nil
271 401 466 475 aequale
490 402 685 457 bomini
708 402 808 457 fuit
831 401 906 456 illi
926 421 941 466 3
978 418 1115 472 saepe
1138 399 1283 454 velut
1309 397 1399 470 qui

154 473 405 529 Gur-rebat
429 472 633 544 fugiens
659 473 881 539 hostem,
907 489 1136 543 persaepe
1160 469 1304 525 velut
1329 468 1418 541 qui
1680 468 1749 523 10

156 545 195 599 J
196 543 382 599 unom's
406 561 552 599 sacra
575 543 762 599 ferret:
800 541 1022 598 habebat
1047 560 1182 612 saepe
1207 539 1475 606 ducentoS,

155 615 306 687 Soepe
329 612 507 669 decem
530 632 739 682 servos3
776 613 930 669 modo
953 630 1105 682 reges
1130 615 1287 684 atque
1311 609 1615 676 tetrarchas,

154 685 345 740 Omnia
359 704 411 739 m
440 697 445 702 ’
577 685 824 766 loquens3
859 683 1046 738 modo:
1078 682 1159 737 Sit
1178 681 1305 736 mihi
1321 699 1499 737 mensa
1513 680 1677 752 tripes
1695 681 1751 734 et

157 755 373 811 Concha
474 755 484 765 '
539 774 655 827 pun
681 762 736 811 et
760 760 901 827 toga,
929 772 1044 826 quae
1069 752 1342 807 defendere
1367 751 1532 824 frigus

156 825 404 894 Quamvis
428 843 599 881 crassa
623 831 794 894 queat.
868 825 1059 880 Decies
1083 828 1303 879 centena
1325 821 1555 878 dedisses

157 896 303 952 Huic
325 914 481 968 parco
503 897 682 968 paucis
707 899 966 960 contento,
993 894 1120 965 quin
1154 912 1220 948 ue
1245 893 1428 949 diebus

139 967 254 1023 -Nil
276 970 388 1021 erat
411 968 467 1021 in
488 966 689 1023 loculis.
763 967 964 1023 Noctes
987 965 1147 1036 vigila
1182 968 1237 1019 at
1262 963 1329 1019 ad
1350 964 1523 1033 ipsum

156 1037 333 1103 Mane,
360 1036 493 1092 diem
518 1041 687 1093 totum
715 1036 995 1102 stertebat3
1034 1035 1110 1089 nil
1132 1035 1232 1089 fuit
1255 1053 1483 1105 unquam

160 1108 248 1163 Sic
271 1108 437 1179 impar
460 1107 574 1163 sibi.
649 1107 809 1163 Nunc
833 1107 1017 1177 aliquis
1042 1105 1181 1161 dicat
1204 1104 1345 1169 mihi,
1376 1103 1565 1173 “Quid
1587 1106 1649 1159 tu
1668 1104 1693 1158 Ρ

158 1178 387 1234 Nullane
412 1179 567 1233 habes
582 1178 711 1233 vitia
725 1179 783 1234 ?”
822 1178 989 1233 Immo
1014 1176 1115 1231 alia
1132 1181 1186 1230 et
1204 1175 1423 1230 fortasse
1447 1175 1658 1230 minora.
1685 1173 1755 1229 20

157 1248 385 1306 Maenius
409 1248 673 1304 absentem
701 1248 928 1303 Novium
954 1266 1114 1319 quum
1140 1252 1389 1318 carperet,
1412 1249 1447 1273 “
1461 1246 1612 1300 Heus
1636 1245 1754 1311 tu,’‘

161 1319 385 1388 Quidam
408 1320 498 1385 ait,
528 1319 781 1388 “ignoras
805 1319 899 1373 te?
938 1336 1003 1372 an
1030 1321 1091 1371 ut
1116 1317 1356 1387 ignotum
1381 1314 1503 1371 dare
1525 1314 1675 1370 nobis

160 1389 338 1444 Verba
360 1394 516 1461 putas
531 1390 591 1444 1²³⁹
637 1394 669 1417 “
683 1389 905 1461 Egomet
928 1388 1001 1442 mi
1025 1387 1286 1459 ignos00,'’
1316 1386 1541 1441 Maenius
1565 1384 1753 1458 inquit.

163 1460 370 1517 Stultus
395 1464 449 1516 et
472 1458 734 1531 improbus
760 1458 844 1515 hic
870 1476 1011 1514 amor
1036 1464 1117 1513 est
1142 1457 1433 1530 dignusque
1457 1457 1645 1514 notari.

163 1534 337 1598 Quum
360 1535 455 1586 tua
477 1530 743 1601 pervideas
760 1541 793 1564 ¹¹·
821 1529 981 1585 oculis
1008 1529 1141 1584 mala
1164 1529 1336 1601 lippus
1361 1528 1607 1593 inunctis,

162 1603 271 1658 Cur
293 1603 349 1657 in
371 1602 647 1657 amicorum
671 1601 813 1656 vitiis
837 1606 947 1655 tam
970 1600 1137 1655 cernis
1162 1607 1388 1665 acutum,

162 1673 331 1743 Quam
349 1678 441 1728 aut
459 1672 628 1743 aquila
646 1679 735 1728 aut
755 1690 965 1743 serpens
982 1671 1335 1742 Epidaurius?
1365 1672 1440 1726 At
1457 1669 1556 1725 tibi
1574 1670 1758 1726 contra

161 1744 370 1810 Evenit,
398 1743 659 1816 inquirant
683 1743 812 1798 vitia
833 1747 894 1797 ut
916 1748 1011 1797 tua
1034 1761 1215 1797 rursus
1239 1746 1293 1797 et
1316 1740 1407 1798 illi.

163 1814 466 1870 Iracundior
489 1820 571 1868 est
594 1813 784 1885 paullo,
813 1813 981 1867 minus
1005 1817 1161 1883 aptus
1185 1812 1352 1868 acutis

165 1885 395 1941 Naribus
419 1886 602 1940 horum
627 1885 924 1950 hominum3
961 1881 1119 1937 rideri
1178 1884 1411 1958 ossit2eo
1436 1880 1576 1953 quod
1689 1881 1759 1935 30

164 1956 438 2011 Rusticius
462 1961 616 2011 tonso
640 1959 767 2026 toga
789 1953 971 2009 defluit
994 1958 1050 2007 et
1073 1972 1158 2007 ma
1176 1972 1205 2007 e
1230 1953 1377 2007 laxus

164 2026 235 2082 In
257 2026 388 2098 pede
413 2026 616 2081 calceus
640 2025 834 2080 haeret:
876 2030 930 2078 at
954 2028 1036 2078 est
1058 2023 1240 2087 bonus,
1265 2029 1328 2076 ut
1352 2022 1533 2078 melior
1555 2020 1637 2076 vir

164 2097 292 2152 Non
315 2096 444 2152 alius
471 2096 758 2167 quisquam,
781 2099 834 2160 at
858 2094 956 2149 tibi
980 2093 1191 2159 amicuS‚
1210 2097 1263 2147 at
1287 2093 1553 2164 ingenium
1576 2090 1761 2163 ingens

166 2167 379 2223 Inculto
403 2166 532 2221 latet
558 2166 656 2222 hoc
681 2165 777 2220 sub
803 2182 1032 2233 corpore.
1107 2163 1345 2233 Denique
1369 2168 1424 2219 te
1449 2163 1622 2234 ipsum

168 2237 422 2303 Concute,
448 2256 574 2291 num
598 2255 702 2308 qua
722 2229 831 2291 tibi'
845 2235 1088 2289 vitiorum
1110 2234 1357 2288 inseverit
1382 2233 1506 2289 olim

62 2363 74 2380 χ
167 2308 378 2363 Natura
401 2313 492 2363 aut
517 2307 671 2362 etiam
696 2304 1018 2361 consuetudo
1042 2304 1203 2371 mala3
1241 2323 1460 2377 namque

166 2377 441 2449 Neglectis
464 2377 661 2433 urenda
685 2376 795 2431 filix
817 2376 1102 2434 innascitur
1220 2375 1281 2429 is,

168 2447 306 2503 Illuc
331 2453 718 2520 praevertamur,
745 2453 1024 2502 amatorem
1049 2461 1151 2518 quo
1213 2444 1387 2501 amicoe

169 2518 366 2590 Turpia
389 2518 654 2590 decipiunt
681 2536 873 2574 caecum
896 2517 1039 2582 vitia,
1066 2522 1158 2571 aut
1181 2517 1335 2571 etiam
1364 2517 1478 2589 ipsa
1498 2516 1611 2573 haee

170 2589 468 2656 Delectant,
495 2589 657 2643 veluti
682 2589 954 2644 Balbinum
981 2587 1201 2659 polypus
1224 2588 1446 2659 Hagnae.
1696 2587 1766 2643 40

120 2723 133 2729 ,
171 2659 375 2717 Vellem
399 2659 455 2714 in
476 2660 701 2715 amicitia
723 2660 799 2715 sic
822 2677 1112 2715 erraremus
1136 2665 1191 2715 et
1214 2659 1305 2716 isti

370 2752 386 2783 ²
403 2754 583 2795 iteraret
1270 2766 1299 2785 ¹·
1324 2755 1567 2807 praevideas
