2031 2952
144 119 246 170 236
820 117 1117 167 HORATII

149 234 424 306 Signatum
448 236 700 304 praesente
723 237 850 290 nota
873 233 1159 306 producere
1182 251 1373 290 nomen

146 305 225 360 Ut
250 305 392 360 silvae
416 305 551 360 foliis
577 323 766 377 pronos
791 309 1063 360 mutantur
1085 305 1140 358 in
1163 322 1341 371 annos,
1681 305 1750 359 60

146 376 321 429 Prima
345 375 567 442 cadunt;
605 376 681 431 ita
703 376 980 431 verborum
1004 378 1156 431 vetus
1181 374 1360 430 interit
1384 377 1528 441 aetas,

146 447 217 500 Et
244 446 487 501 ’uvenum
512 446 621 501 ritu
644 447 830 501 florent
854 446 1008 502 modo
1033 450 1156 500 nata
1179 446 1479 517 vigentque.

144 465 409 571 Debemur
434 517 589 573 morti
611 536 706 572 nos
731 523 1041 589 nostraque3
1081 516 1188 571 sive
1211 519 1453 588 receptus

145 586 305 641 Terra
327 587 611 659 Neptunus
636 587 825 643 classes
850 586 1174 660 aquilonibus
1200 591 1358 652 arcet,

146 657 305 727 Regis
330 674 481 727 opus,
507 658 762 713 sterilisve
787 658 877 713 diu
900 656 1050 729 palus
1074 662 1301 728 aptaque
1323 655 1478 713 remis

144 727 359 783 Vieinas
383 728 541 784 urbes
565 729 655 783 alit
680 732 735 784 et
758 746 915 798 grave
938 727 1100 783 sentit
1125 731 1370 794 aratrum,
1432 770 1439 777 .

146 798 254 853 Seu
277 817 484 854 cursum
512 799 732 854 mutavit
755 799 991 870 iniquum
1014 797 1256 870 frugibus
1281 797 1445 853 amnis

144 867 351 924 Doctus
376 871 477 925 iter
501 869 703 937 melius,
731 869 967 925 mortalia
990 869 1128 924 facta
1151 868 1411 939 peribunt,

144 939 352 994 Nedum
378 959 673 996 sermonum
698 943 805 995 stet
829 939 994 995 honos
1021 943 1075 995 et
1194 939 1270 994 tia
1292 940 1474 994 vivax..

144 1009 318 1065 Multa
339 1016 691 1076 renascentur,
719 1010 962 1083 quaejam
984 1010 1094 1066 ceci
1131 1028 1233 1075 ere,
1258 1009 1549 1080 cadentque
1683 1011 1704 1066 7
1717 1010 1746 1061 ss

144 1080 275 1150 Quae
296 1100 436 1137 nunc
461 1086 583 1137 sunt
608 1082 663 1136 in
687 1082 881 1136 honore
907 1079 1170 1145 vocabula,
1197 1080 1243 1135 si
1266 1079 1407 1135 volet
1431 1098 1576 1146 usus,

144 1151 312 1219 Quem
338 1170 496 1221 penes
522 1151 792 1207 arbitrium
816 1155 897 1206 est
922 1155 975 1206 et
994 1151 1084 1222 jus
1108 1154 1162 1205 et
1185 1167 1366 1205 norma
1388 1149 1440 1204 lo
1477 1149 1631 1205 uendi

145 1222 254 1276 Res
279 1226 442 1294 gestae
465 1222 750 1294 regumque
775 1221 1068 1293 ducumque
1094 1225 1149 1275 et
1172 1221 1344 1276 tristia
1367 1218 1451 1275 bel
1470 1238 1502 1274 a

144 1290 264 1360 Quo
289 1292 444 1347 scribi
467 1297 683 1363 possent
705 1311 936 1358 numero,
965 1291 1274 1347 monstravit
1297 1291 1579 1346 Homerus.

144 1361 398 1417 Versibus
422 1362 689 1432 impariter
707 1363 905 1435 junctis
932 1361 1251 1434 querimonia
1271 1361 1510 1434 primum,

143 1431 275 1488 Post
301 1432 459 1489 etiam
483 1432 682 1489 inclusa
705 1437 787 1489 est
813 1433 923 1490 voti
946 1432 1206 1490 sententia
1229 1449 1457 1503 compos.

145 1503 276 1572 Quis
300 1507 477 1558 tamen
502 1504 720 1574 exiguos
745 1504 920 1574 elegos
946 1503 1174 1559 emiserit
1198 1507 1395 1569 auctor,

147 1573 483 1629 Grammatici
507 1579 711 1629 certant
736 1578 790 1629 et
816 1574 985 1630 adhue
1010 1574 1109 1629 sub
1125 1572 1306 1643 judice
1328 1573 1394 1629 lis
1420 1575 1518 1630 est.

143 1644 515 1699 Archilochum
538 1644 747 1715 proprio
770 1644 938 1700 rabies
964 1644 1180 1700 armavit
1203 1643 1404 1712 iamb0‘3

143 1714 306 1770 Hunc
330 1714 471 1770 socci
494 1731 675 1784 cepere
700 1713 884 1785 pedem
908 1713 1230 1786 grandesque
1257 1714 1513 1781 cothurni,
1681 1713 1746 1766 80

144 1784 378 1839 Alternis
404 1791 583 1856 aptum
609 1785 929 1840 sermonibus
955 1789 1009 1839 et
1033 1784 1305 1857 populares

143 1855 458 1911 Vincentem
485 1855 734 1925 strepitus
760 1859 813 1910 et
837 1859 1018 1909 natum
1043 1856 1199 1910 rebus
1223 1853 1450 1925 agendis.

144 1925 305 1981 Musa
328 1925 471 1981 dedit
495 1925 686 1980 fidibus
712 1925 858 1981 divos
883 1943 1176 1997 puerosque
1199 1925 1451 1989 Deorum,

143 1995 216 2051 'Et
242 1995 469 2077 pugilem
493 1996 741 2051 victorem
767 2000 820 2051 et
846 2015 1039 2068 equum
1063 1997 1341 2052 certamine
1366 1994 1587 2067 primum

143 2067 220 2122 Et
235 2085 487 2138 Juvenum
512 2085 661 2122 curas
687 2071 740 2122 et
764 2067 925 2122 libera
947 2067 1068 2122 vina
1090 2067 1294 2122 referre.

143 2136 447 2209 Descriptas
474 2155 677 2193 servare
705 2138 842 2193 vices
867 2155 1184 2210 operumque
1209 2137 1405 2193 colores

145 2206 256 2262 Cur
278 2225 375 2279 ego
400 2208 445 2262 si
468 2226 669 2280 nequeo
692 2207 976 2280 ignoroque
1001 2213 1158 2281 poeta
1181 2207 1416 2263 salutor?

144 2277 255 2333 Cur
277 2278 476 2333 nescire
499 2276 699 2349 pudens
723 2297 879 2350 prave
905 2297 1059 2350 quam
1083 2277 1279 2334 discere
1303 2275 1476 2333 malo?

143 2347 397 2403 Versibus
424 2348 615 2429 exponi
640 2348 854 2419 tragicis
878 2367 962 2404 res
987 2348 1184 2403 comica
1207 2366 1311 2402 non
1334 2346 1480 2413 vult3

143 2416 458 2486 Indignatur
479 2423 603 2472 item
631 2418 844 2489 privatis
870 2437 929 2474 ac
954 2437 1115 2490 prope
1140 2436 1296 2473 socco.
1680 2417 1747 2470 90

144 2487 333 2557 Dignis
360 2487 668 2543 carminibus
695 2489 890 2543 narrari
915 2507 1060 2544 coena
1082 2489 1338 2559 Thyestae.

147 2556 364 2627 Singula
387 2575 602 2630 quaeque
627 2557 800 2613 locum
824 2563 1037 2615 teneant
1063 2558 1248 2613 sortita
1270 2554 1526 2613 decenter.

144 2625 420 2680 Interdum
444 2631 617 2681 tamen
640 2632 695 2682 et
719 2647 897 2683 vocem
922 2626 1171 2683 comoedia
1192 2625 1348 2693 tollit,

145 2695 427 2768 Iratusque
452 2695 699 2753 Chremes
724 2699 923 2754 tumido
950 2698 1183 2770 delitigat
1210 2715 1297 2752 ore
1319 2718 1334 2766 3
