2031 2952
316 141 383 197 78

967 137 1264 186 HORATII
1333 206 1338 215 .

457 254 629 311 Nocte
652 253 903 310 sublustri
929 254 1055 309 nihil
1078 259 1219 310 astra
1241 259 1431 326 praeter

596 325 746 381 Vidit
769 330 823 381 et
847 324 1029 380 undas,

459 394 593 457 Quae
616 396 769 452 simul
793 401 1000 452 centum
1025 395 1203 468 tetigit
1224 400 1491 467 potentem

457 468 507 523 Ο
543 466 677 549 pidis
702 468 918 522 Creten:
959 472 994 495 “
1008 467 1183 532 Pater,
1210 485 1241 520 o
1265 467 1504 525 relictum

456 538 502 594 F
558 556 601 592 ae
623 556 808 599 nomen
832 538 1151 610 pietasque,''
1178 536 1327 605 dixit,

596 608 755 664 Victa
778 609 979 667 furore!

459 683 494 708 “
508 678 667 735 Unde
687 698 790 751 quo
816 679 973 735 veni?
1035 678 1193 733 Levis
1217 696 1322 734 una
1345 697 1482 735 mors
1507 683 1589 735 est

456 750 734 821 Virginum
757 750 941 821 culpae.
1013 749 1321 819 Vigilansne
1346 750 1495 821 ploro

455 821 631 893 Turpe
654 821 998 886 commissum,
1025 838 1093 875 an
1113 820 1254 876 vitiis
1278 825 1541 877 carentem

596 890 761 947 Ludit
784 892 956 962 imago

460 962 621 1028 Vana,
648 980 761 1034 quae
783 968 937 1034 porta
957 961 1009 1016 fu
1052 960 1161 1016 iens
1184 960 1381 1017 eburna

460 1032 726 1088 Somnium
749 1032 892 1088 ducit
907 1034 954 1091 Ρ,
1057 1032 1253 1087 eliusne
1277 1032 1468 1089 fluctus

461 1103 547 1159 Ire
571 1121 662 1175 per
685 1103 868 1175 longos
892 1102 1012 1167 suit,
1037 1120 1103 1158 an
1125 1112 1360 1159 recentes

599 1174 824 1245 Carpere
847 1173 1043 1229 flores?

462 1243 518 1300 Si
573 1244 655 1300 uis
678 1244 922 1300 infamem
944 1244 1072 1300 mihi
1094 1262 1234 1300 nunc
1252 1245 1532 1317 juvencum

457 1264 633 1371 negat
658 1316 816 1381 iratae,
843 1315 1069 1371 lacerare
1093 1315 1229 1371 ferro
1254 1318 1309 1370 et

459 1386 502 1440 F
662 1405 718 1441 re
743 1386 911 1441 enitar
933 1386 1088 1441 modo
1112 1385 1333 1442 multum
1358 1385 1515 1441 amati

649 1475 813 1512 ornua
836 1456 1070 1513 monstri.

460 1527 745 1601 Impudens
768 1528 896 1599 liqui
919 1529 1116 1600 patrios
1139 1528 1381 1592 Penates,

459 1598 742 1670 Impudens
765 1600 959 1654 Orcum
983 1617 1172 1654 moror.
1245 1599 1292 1653 Ο
1319 1598 1550 1654 Deorum

461 1670 517 1725 Si
540 1669 655 1741 quis
678 1669 787 1725 haec
811 1669 974 1736 audis»,
999 1669 1201 1725 utinam
1224 1668 1361 1724 inter
1384 1687 1549 1724 errem

600 1739 760 1795 Nuda
780 1739 983 1795 leones!

460 1813 756 1883 Antequam
777 1811 945 1882 turpis
970 1809 1160 1866 macies
1183 1808 1426 1866 decentes

460 1883 696 1952 Occupet
719 1880 877 1936 malas
900 1885 1191 1953 teneraeque
1218 1899 1404 1937 succus

461 1953 672 2009 Defluat
694 1950 895 2024 praedae,
922 1951 1156 2024 speciosa
1178 1970 1353 2023 quaero

597 2023 818 2078 Pascere
840 2023 1021 2094 tigres.

462 2092 594 2148 Vitis
618 2093 845 2165 Europe,
872 2098 1021 2164 pater
1042 2097 1198 2165 urget
1221 2092 1436 2148 absens:

462 2163 601 2235 Quid
624 2164 753 2219 mori
778 2165 987 2220 cessas?
1048 2164 1208 2220 Potes
1233 2164 1329 2219 hac
1355 2163 1419 2219 ab
1443 2181 1572 2220 orno

462 2233 753 2291 Pendulum
776 2252 905 2289 zona
928 2234 1061 2290 bene
1085 2240 1140 2289 te
1164 2238 1386 2306 sequuta

599 2304 814 2360 Laedere
828 2305 845 2338 ¹
866 2304 1072 2360 collum.

464 2374 584 2431 Sive
607 2383 663 2429 te
688 2393 844 2444 rupes
871 2379 924 2430 et
949 2380 1106 2431 acuta
1125 2374 1235 2430 leto

465 2447 600 2501 Saxa
623 2445 897 2510 delectant,
925 2464 1022 2517 age
1047 2450 1103 2500 te
1128 2444 1366 2517 procellae

461 2515 629 2572 Crede
654 2515 833 2580 veloci,
859 2515 958 2571 nisi
980 2515 1140 2571 herile
1164 2516 1326 2571 mavis

599 2584 823 2656 Carpere
847 2604 1084 2657 pensum,

998 2741 1017 2769 s
1036 2740 1245 2781 e—lidere

1850 1600 1929 1654 50
