2031 2952
935 109 1233 158 HORATII

498 226 751 283 Immunis
775 244 915 282 aram
939 224 984 280 si
1009 223 1108 279 teti
1147 223 1189 278 it
1213 242 1413 290 manus,
1513 251 1520 256 ·

497 299 624 355 Non
648 301 954 366 sumptuosa
979 294 1095 350 blan
1137 294 1209 348 'or
1233 294 1404 348 hostia

570 366 799 423 Mollivit
823 383 1031 421 aversos
1055 364 1281 421 Penates

565 440 567 442 ’
643 439 803 493 Fal-re
826 437 916 509 pi'o
940 440 994 491 et
1020 433 1406 504 saliente-mica.

609 665 921 721 CARMEN
959 663 1302 718 XXIV.-m
1340 652 1563 716 Annos,

435 789 697 845 Inucmxs
719 783 1012 856 opulentior

505 855 783 921 Thesauris
805 853 1038 909 Arabum
1062 858 1117 909 et
1142 852 1317 909 divitis
1343 852 1523 920 Indiae,

440 927 715 984 Caementis
739 925 861 980 lieet
884 943 1107 995 occupes

507 996 830 1069 Tyrrhenum
855 1014 1003 1050 omne
1028 995 1135 1050 tuis
1160 998 1214 1049 et
1238 1012 1378 1049 mare
1402 994 1695 1066 Apulioum‚

447 1069 502 1123 Si
526 1067 640 1138 figit
666 1065 1021 1122 adamantinos

519 1137 741 1193 Summis
764 1135 1047 1192 verticibus
1074 1135 1184 1191 dira
1205 1135 1490 1192 necessitas

444 1208 648 1274 Clav08,
673 1225 777 1261 non
801 1207 1026 1262 animum
1050 1212 1209 1273 metu,

515 1279 642 1334 Non
664 1277 842 1332 mortis
865 1276 1064 1348 laqueis
1089 1276 1331 1348 expedies
1357 1281 1530 1349 eaput.

448 1350 777 1420 Campestres
801 1348 984 1402 melius
1011 1348 1235 1419 Scythae,

517 1420 747 1485 Quorum
771 1417 1000 1490 plaustra
1024 1437 1181 1489 vagas
1206 1417 1304 1472 rite
1328 1417 1543 1473 trahunt
1570 1416 1767 1489 dom08,
1840 1421 1919 1478 10

449 1491 669 1556 Vivunt,
697 1494 750 1544 et
775 1488 928 1560 rigidi
953 1490 1117 1555 Getae,

520 1560 796 1614 Immetata
819 1560 1004 1630 quibus
1032 1559 1212 1631 ’ugera
1235 1558 1418 1614 liberas

449 1630 649 1687 Fruooe
674 1635 727 1685 et
753 1630 994 1685 Cererem
1020 1578 1209 1693 ierunt,

522 1674 640 1757 ffeo
664 1699 869 1756 cultura
928 1700 1063 1755 lacet
1088 1700 1287 1772 longior
1310 1720 1495 1769 annua,

452 1771 875 1842 Defunctumque
950 1770 1160 1826 boribus

523 1841 734 1913 AEquali
756 1846 954 1897 recreat
980 1847 1120 1896 sorte
1144 1842 1381 1900 vicarius.

457 1912 573 1969 Illic
598 1918 762 1967 matre
786 1912 1081 1968 carentibus

528 1983 786 2054 Privignis
810 1984 994 2038 mulier
1017 1989 1273 2057 temperat
1298 1985 1561 2050 innocenti,

460 2053 576 2108 Nee
601 2053 778 2108 dotata
801 2055 937 2126 regit
963 2054 1129 2110 virum

528 2123 735 2195 Conjux
757 2143 853 2180 neo
876 2125 1043 2182 nitido
1070 2126 1183 2182 fidit
1210 2126 1460 2183 adultero.

458 2194 573 2249 Dos
598 2202 680 2250 est
705 2214 888 2268 magna
911 2198 1204 2267 parentium

531 2264 715 2320 Virtus
740 2271 792 2321 et
818 2272 1055 2323 metuens
1078 2267 1290 2323 alterius
1315 2268 1412 2324 viri

454 2333 614 2389 Certo
637 2336 824 2392 foedere
851 2339 1081 2404 castitas,

530 2405 603 2459 Et
628 2423 841 2477 peccare
865 2407 1009 2462 nefas
1036 2412 1127 2463 aut
1153 2409 1377 2479 pretium
1401 2412 1483 2466 est
1506 2408 1668 2466 mori.'

464 2473 513 2528 Ο
573 2475 770 2546 uisquis
796 2477 934 2532 volet
958 2478 1143 2550 impias

582 2546 717 2600 aedes
742 2551 795 2600 et
820 2547 1015 2602 rabiem
1041 2548 1223 2604 tollere
1249 2550 1477 2617 civicam,

469 2613 524 2668 Si
549 2620 746 2686 quaeret
775 2618 981 2674 “Pater
1004 2618 1270 2674 Urbium''

538 2685 803 2742 Subscribi
827 2688 1033 2755 statuis,
1059 2689 1357 2746 indomitam
1386 2691 1577 2750 audeat

1860 2132 1937 2187 20
