2031 2952
585 143 1079 194 EPISTOLARUM
1102 138 1187 196 11.
1221 146 1270 195 1.
1628 149 1728 196 223

23 258 32 263 ’
123 257 306 331 Recte
321 256 459 335 facta
479 248 656 323 refert,
683 258 902 312 orientia
924 262 1159 330 tempora
1182 258 1427 317 notiam·
1450 237 1529 311 (lm
1546 236 1761 316 Ᾰεᾱώ)

9 340 20 353 ·
125 317 376 385 Iffs'truff
387 328 649 410 exemplis,
678 328 880 400 inopem
906 329 1104 385 solatur
1128 335 1181 385 et
1205 349 1418 402 aegrum.

128 400 305 455 Castis
331 419 448 455 cum
509 417 648 454 uerls
674 399 851 469 ignara
874 400 1047 471 puella
1071 401 1241 455 mariti

124 470 373 526 Disceret
397 489 469 524 un
505 489 534 524 e
559 488 752 541 preces,
779 476 948 525 vatem
973 473 1026 525 ni
1052 471 1210 526 Musa
1234 470 1504 527 dedisset?

126 541 311 596 Poscit
335 560 481 613 opem
508 540 695 595 chorus
720 545 773 595 et
797 541 1072 612 praesentia
1094 543 1307 597 numina
1331 543 1505 608 sentit,

107 611 386 673 ,Coelestes
411 610 651 683 implorat
676 629 833 682 aquas
858 611 1010 666 docta
1027 626 1184 683 vprece
1208 611 1445 680 blandus»,

128 682 340 738 Avertit
364 682 584 748 morbOS,
612 682 888 737 metuenda
946 682 1139 737 ericula
1162 683 1323 754 pellit,

128 752 387 824 Impetrat
412 758 467 807 et
490 770 664 821 pacem
690 759 744 807 et
767 751 919 824 locup
940 759 1076 807 etem
1102 754 1336 823 frugibus
1362 772 1571 810 annum.

130 823 373 878 Carmine
395 822 468 877 Di
492 823 665 903 superi
688 822 971 894 placantur,
999 825 1223 879 carmine
1248 825 1451 879 Manes.

131 893 390 964 Agricolae
414 893 570 964 prisci
595 894 754 947 sortes
779 911 1038 964 parvoque
1064 893 1202 949 beati

131 963 359 1018 Condita
380 967 499 1035 post
525 965 781 1018 frumenta
804 963 1033 1019 levantes
1056 968 1288 1034 tempore
1312 963 1449 1022 festo
1619 968 1724 1022 140

59 1070 64 1073 v
131 1033 337 1106 Corpus
362 1040 414 1089 et
440 1035 610 1106 ipsum
634 1035 858 1088 animum
882 1053 972 1104 spe
996 1034 1113 1089 finis
1139 1035 1268 1089 dura
1291 1035 1557 1105 ferentem,

131 1104 269 1159 Cum
294 1105 445 1160 sociis
471 1123 699 1176 operum,
725 1100 897 1175 pueris
923 1113 977 1159 et
1000 1107 1221 1186 conjuge
1246 1104 1364 1173 fida,

130 1175 388 1231 Tellurem
413 1193 586 1246 porco,
617 1175 878 1229 Silvanum
901 1175 1036 1230 lacte
1061 1175 1287 1247 plabant,

130 1245 370 1301 Floribus
395 1251 449 1301 et
474 1246 594 1300 vino
622 1245 843 1300 Genium
868 1263 1144 1301 memorem
1169 1245 1337 1302 brevis
1361 1247 1473 1303 aevi.

131 1316 456 1372 Fescennina
479 1334 569 1385 per
594 1315 730 1370 hunc
755 1316 964 1369 inventa
986 1315 1194 1371 licentia
1217 1334 1411 1372 morem

131 1386 386 1443 Versibus
410 1385 620 1440 alternis
646 1385 920 1457 opprobria
942 1386 1138 1441 rustica
1161 1386 1309 1451 fudit,

130 1458 472 1530 Libertasque
496 1461 817 1512 recurrentes
843 1459 1057 1528 accepta
1079 1475 1172 1529 per
1196 1472 1357 1513 annos

130 1529 288 1586 Lusit
311 1527 611 1593 amabiliter,
638 1526 798 1582 donec
816 1526 922 1597 jam
946 1545 1114 1583 saevus
1139 1533 1367 1600 apertam

132 1600 200 1656 In
223 1600 412 1656 rabiem
439 1599 594 1669 coepit
619 1598 753 1652 verti
770 1597 920 1667 jocus
944 1604 998 1651 et
1059 1618 1116 1653 er
1140 1598 1382 1654 honestas

132 1670 219 1726 Ire
244 1669 423 1726 domos
446 1670 653 1740 impune
677 1668 863 1723 minax.
938 1667 1024 1723 Do
1044 1688 1168 1724 uere
1192 1677 1409 1726 cruento
1616 1671 1723 1726 150

131 1740 306 1796 Dente
330 1739 554 1797 lacessiti
574 1761 589 1805 3
627 1740 728 1793 fuit
751 1739 961 1794 intactis
986 1757 1192 1812 quoque
1217 1760 1342 1797 cura

134 1811 441 1866 Conditione
466 1828 622 1882 super
644 1809 930 1877 communi3
968 1813 1096 1881 quin
1119 1813 1272 1866 etiam
1296 1810 1383 1866 lex

132 1881 290 1937 Poena
325 1901 391 1937 ue
416 1881 536 1946 lata,
562 1880 698 1935 malo
723 1898 837 1951 quae
860 1880 1021 1935 nollet
1045 1883 1268 1937 carmine
1292 1900 1600 1955 quemquam

132 1951 315 2008 Descri
349 1954 398 2019 i;
436 1957 637 2006 vertere
662 1950 884 2015 modum,
910 1952 1180 2007 formidine
1204 1953 1361 2007 fustis

131 2022 216 2078 Ad
239 2023 368 2078 bene
391 2021 662 2078 dicendum
687 2021 1146 2093 delectandumque
1170 2022 1381 2077 redacti.

135 2095 332 2150 Graecia
354 2099 504 2163 capta
525 2093 689 2147 ferum
714 2092 958 2148 victorem
987 2111 1046 2148 ce
1083 2094 1140 2159 it,
1169 2098 1223 2148 et
1247 2097 1386 2149 artes

132 2163 322 2219 Intulit
346 2163 540 2236 agresti
563 2163 747 2229 Latio;
788 2164 862 2218 sic
886 2163 1027 2218 horri
1063 2182 1126 2217 us
1150 2163 1234 2218 ille

132 2234 366 2291 Defiuxit
390 2253 634 2289 numerus
661 2234 951 2299 SaturniuS,
978 2239 1032 2289 et
1056 2252 1211 2304 grave
1237 2233 1378 2289 virus

134 2305 407 2362 Munditiae
431 2304 703 2377 pepulere3
742 2307 835 2359 sed
858 2305 912 2358 in
936 2304 1148 2375 longum
1172 2308 1347 2359 tamen
1371 2323 1536 2361 aevum

135 2378 441 2433 Manserunt
466 2374 720 2447 hodieque
746 2380 950 2430 manent
974 2376 1195 2447 vestigia
1216 2375 1367 2431 ruris.
1619 2375 1720 2430 160

137 2448 290 2503 Serus
314 2447 450 2502 enim
477 2447 669 2502 Graecis
692 2445 917 2500 admovit
940 2446 1176 2501 acumina
1199 2446 1407 2511 chartiS,

135 2518 206 2575 Et
223 2524 346 2600 post
370 2517 568 2572 Punica
589 2516 722 2571 bella
746 2516 953 2588 quietus
978 2535 1204 2588 quaerere
1229 2518 1399 2587 coepit,

137 2590 270 2659 Quld
298 2588 579 2661 Sophocles
604 2592 658 2642 et
682 2587 899 2660 Thespis
925 2594 978 2642 et
1003 2587 1275 2660 AEschylus
1300 2588 1428 2643 utile
1453 2585 1644 2642 ferrent

137 2660 372 2716 Tentavit
398 2678 600 2742 quoque
624 2677 747 2724 rem,
777 2663 822 2714 si
847 2659 1001 2731 digne
1026 2665 1225 2714 vertere
1250 2665 1443 2731 posset,

138 2731 207 2789 Et
230 2732 419 2805 placuit
443 2732 557 2799 sibi,
581 2734 768 2786 natura
791 2730 1025 2787 sublimis
1050 2735 1106 2788 et
1127 2747 1246 2789 acer
1258 2755 1275 2799 ;
