2031 2952
192 204 200 211 ‚
302 145 405 195 rso
949 140 1245 191 HonArn

303 256 501 315 Pocula
525 274 618 311 seu
643 254 856 311 modicis
881 255 1085 311 uvescit
1111 255 1297 311 laetius.
1373 254 1516 310 Eroo
1830 255 1906 315 70

308 330 486 384 Sermo
511 327 690 393 oritur,
716 344 823 382 non
847 327 910 383 de
936 327 1069 381 villis
1095 327 1395 383 domibusve
1422 299 1613 391 aTienis,
2004 262 2031 421 Ι

302 400 425 455 'Nec
449 398 579 452 male
603 416 767 453 necne
793 399 966 470 Lepos
992 397 1175 464 saltet;
1216 396 1308 453 sed
1333 396 1472 468 quod
1495 395 1658 467 magis
1681 394 1749 451 ad
1775 415 1882 453 nos

306 469 545 526 Pertinet
570 473 623 524 et
646 468 845 524 nescire
870 469 1056 523 malum
1084 473 1180 534 est,
1281 468 1465 523 'tamus
1487 491 1499 523 :
1538 474 1785 522 utrumne

309 538 520 599 Divitiis
546 539 793 605 homines,
822 558 887 595 an
911 541 1017 594 sint
1039 539 1232 594 virtute
1322 538 1424 604 ati;

309 609 515 678 Quidve
538 608 605 664 ad
628 609 891 676 amicitias,
918 628 1046 665 usus
1071 616 1354 675 rectumne,
1382 608 1553 663 trahat
1577 626 1673 663 nos
1694 627 1709 675 ;

310 681 382 738 Et
408 698 520 752 quae
545 679 614 735 sit
637 685 825 736 natura
849 680 969 736 boni
993 699 1354 751 summumque
1379 678 1503 750 quid
1527 678 1654 750 ejus.

313 750 530 808 Cervius
555 750 665 806 haee
687 750 824 806 inter
849 751 1045 806 vicinus
1070 751 1231 821 garrit
1256 751 1415 805 aniles

312 823 398 879 Ex
421 840 477 877 re
504 820 729 877 fabellas.
807 821 862 877 Si
886 822 1000 893 quis
1024 841 1144 876 nam
1168 820 1345 876 laudat
1369 819 1532 874 Arelli

316 891 574 948 Sollicitas
599 892 806 964 ignarus
831 908 972 964 opes,
1001 893 1076 947 sic
1099 891 1309 965 incipit:
1353 891 1539 944 “Olim

315 963 568 1020 Rusticus
592 961 843 1017 urbanum
867 981 1064 1018 murem
1089 981 1204 1017 mus
1267 979 1452 1032 aupere
1481 961 1646 1015 fertur
1854 961 1927 1015 80
2028 1008 2031 1015 .

318 1032 599 1106 Accepisse
624 1050 767 1096 cav0‚
791 1037 1017 1089 veterem
1043 1038 1195 1087 vetus
1256 1050 1406 1103 ospes
1430 1031 1677 1097 amicum;

319 1106 395 1161 As
433 1122 490 1159 er
513 1108 566 1159 et
591 1107 824 1158 attentus
850 1103 1097 1174 quaesitis,
1124 1107 1185 1158 ut
1208 1107 1381 1158 tamen
1404 1108 1605 1157 arctum

320 1175 393 1234 So
414 1178 556 1229 veret
579 1171 817 1245 hospitiis
841 1174 1084 1229 animum.
1158 1172 1299 1242 Quid
1324 1172 1522 1227 multa?
1559 1188 1725 1243 neque
1751 1169 1847 1228 ille

323 1243 548 1314 Sepositi
570 1244 748 1300 ciceris
772 1262 868 1300 nec
891 1244 1061 1316 longae
1084 1243 1270 1299 invidit
1294 1261 1482 1310 avenae,

320 1314 538 1371 Aridum
562 1319 616 1370 et
641 1333 729 1370 ore
752 1315 921 1370 ferens
947 1315 1152 1371 acinum
1176 1333 1472 1385 semesaque
1495 1312 1625 1373 lardi

321 1385 514 1441 Frusta
537 1383 694 1451 dedit,
721 1387 934 1468 cupiens
959 1385 1103 1441 varia
1124 1384 1328 1440 fastidia
1352 1403 1497 1440 coena

323 1456 546 1513 Vincere
570 1461 831 1528 tangentis
854 1456 985 1513 male
1011 1457 1091 1513 sin
1168 1456 1216 1511 la
1240 1455 1394 1512 dente
1420 1453 1640 1526 superbo
1664 1473 1679 1521 ;

324 1527 500 1596 Quum
524 1531 668 1595 pater
691 1528 801 1608 ipse
827 1527 1008 1583 domus
1034 1475 1182 1600 paffela
1204 1531 1470 1610 porrectus
1496 1527 1549 1582 in
1574 1527 1735 1581 horna

323 1597 492 1653 Esset.
506 1596 630 1651 ador
652 1595 944 1669 loliumque,
971 1599 1119 1671 dapis
1144 1598 1354 1654 mehora
1375 1598 1684 1669 relinquens.
1862 1598 1935 1652 89

324 1666 555 1724 Tandem
600 1666 830 1723 urbanus
878 1668 944 1723 ad
989 1669 1145 1736 hunc,
1191 1674 1205 1698 ‘
1220 1667 1359 1739 Quid
1404 1673 1459 1724 te
1501 1668 1681 1740 juvat‚’
1735 1665 1936 1739 inquit,

468 1737 676 1804 ‘amice,

325 1808 590 1880 Praerupti
613 1807 834 1864 nemoris
894 1808 1139 1865 atientem
1163 1810 1335 1866 vivere
1361 1809 1556 1866 dorso?

326 1879 425 1935 Vis
449 1883 511 1934 tu
534 1877 765 1959 liomines
790 1827 1071 1952 urgemque
1096 1881 1218 1936 feris
1245 1899 1542 1953 praeponere
1568 1877 1751 1934 silvis?

329 1951 498 2022 Carpe
520 1968 673 2016 viam,
699 1950 825 2006 mihi
848 1951 1014 2018 crede,
1043 1970 1213 2007 comes
1235 1971 1250 2016 ;
1287 1951 1554 2007 terrestria.
1577 1947 1783 2021 quando

326 2018 583 2078 Mortales
608 2021 801 2077 animas
826 2023 1006 2077 vivunt
1035 2023 1220 2078 sortita
1243 2040 1411 2093 neque
1435 2020 1540 2076 ulla
1564 2024 1646 2075 est

327 2094 442 2148 Aut
466 2109 652 2163 magno
678 2097 767 2148 aut
857 2111 948 2149 rvo
972 2092 1065 2148 leti
1088 2093 1238 2165 fuga:
1278 2110 1397 2163 quo,
1424 2092 1574 2157 bone,
1602 2089 1754 2155 circa,

328 2163 472 2219 Dum
497 2161 635 2229 licet,
661 2162 714 2218 in
737 2182 794 2218 re
829 2182 890 2218 us
910 2162 1156 2236 jucundis
1180 2163 1297 2218 vive
1321 2162 1535 2229 beatus3

329 2233 468 2289 Vive
491 2251 700 2299 memor,
728 2253 881 2304 quam
907 2234 977 2289 sis
1005 2234 1102 2289 aevi
1126 2233 1332 2289 brevis?
1406 2233 1537 2288 Haec
1560 2231 1652 2288 ubi
1677 2229 1821 2288 dicta

330 2305 609 2375 Agrestem
636 2304 895 2376 pepulere,
921 2304 1077 2359 domo
1102 2304 1228 2359 levis
1254 2302 1457 2372 exsilit3
1493 2302 1614 2358 inde

330 2373 503 2429 Ambo
526 2376 849 2446 propositum
940 2381 1130 2446 ragunt
1155 2375 1271 2440 iter,
1297 2373 1442 2429 urbis
1465 2376 1676 2429 aventes

332 2445 396 2498 M
401 2444 536 2499 oenia
558 2445 798 2500 nocturni
822 2463 884 2500 su
922 2455 1118 2527 rQere.
1192 2445 1412 2516 Jamque
1436 2444 1646 2499 tenebat
1830 2443 1945 2500 100
2024 2427 2025 2498 i

332 2513 462 2569 Nox
485 2515 706 2571 medium
734 2515 848 2571 coeli
874 2523 1130 2587 spatlum3
1167 2533 1326 2587 quum
1353 2515 1496 2584 ponit
1520 2519 1739 2585 uterque

333 2583 402 2639 In
426 2584 683 2655 locuplete
710 2585 859 2641 domo
885 2586 1019 2641 vesti
1059 2587 1119 2652 ia,
1148 2586 1306 2641 rubro
1330 2584 1420 2640 ubi
1444 2603 1600 2640 cocco

335 2653 526 2709 Tincta
547 2673 702 2725 super
727 2655 892 2711 lectos
918 2675 1015 2712 can
1052 2662 1162 2711 eret
1186 2656 1347 2711 vestis
1372 2654 1612 2722 eburnos,

335 2723 616 2796 Multaque
641 2724 705 2780 de
729 2744 917 2798 magna
940 2733 1272 2795 superessent
1298 2725 1488 2781 fercula
1513 2744 1672 2791 coeua,

337 2794 469 2866 Quae
492 2795 674 2867 procul
697 2796 983 2852 exstructis
1007 2796 1209 2853 inerant
1234 2797 1476 2853 hesterna
1498 2795 1755 2852 canistris.
