2031 2952
213 123 317 179 174
344 130 352 138 '
886 123 1185 173 HORATII

213 240 402 295 Pressa
427 238 734 294 Venafranae
761 237 897 310 quod
921 238 1080 293 bacca
1102 237 1298 293 remisii-
1322 236 1487 294 olivae.

214 310 421 366 Picenis
450 309 641 365 cedunt
665 309 828 381 pomis
854 308 1090 363 Tiburtia
1113 327 1299 375 succo;
1744 308 1822 367 70

216 381 355 436 Nam
379 380 505 436 facie
566 385 793 435 raestant.
867 379 1141 436 Venucula
1164 379 1403 435 convenit
1429 378 1559 449 ollis,

216 452 436 507 Rectius
463 451 533 505 A]
571 470 715 505 anam
741 451 884 506 fumo
909 450 1171 505 duraveris
1197 469 1363 504 uvam.

217 523 371 581 Hanc
397 541 492 594 ego
518 540 633 576 cum
661 521 822 587 malis,
850 540 949 593 ego
974 522 1151 577 faecem
1179 521 1373 592 primus
1398 525 1452 575 et
1475 519 1617 586 allec,

216 593 423 648 Primus
449 597 503 648 et
528 593 762 648 invenior
786 593 935 663 piper
959 592 1128 647 album
1156 611 1272 647 cum
1298 591 1403 646 sale
1425 591 1574 662 nigro

214 662 486 718 Incretum
510 664 653 735 puris
680 664 1109 735 circumposuisse
1135 662 1335 718 catillis.

214 733 446 790 Immane
472 740 552 789 est
576 734 763 788 vitium
789 734 912 788 dare
937 733 1095 788 millia
1119 737 1266 788 terna
1289 732 1501 788 macello

215 808 562 875 Angustoque
585 823 745 876 vagos
771 805 934 875 pisces
961 822 1145 875 urgere
1171 804 1356 861 catino,

217 874 417 946 Magna
441 879 612 930 movet
636 873 901 931 stomacho
927 874 1150 941 fastidia,
1178 892 1272 928 seu
1297 893 1422 942 puer
1445 874 1618 929 unctis

217 946 480 1001 Tractavit
505 946 713 1001 calicem
740 946 990 1012 manibus,
1021 945 1140 1000 dum
1169 945 1345 998 furta¹¹
1371 944 1577 1016 ligurit;

219 1017 339 1070 Sive
363 1016 534 1088 gravis
557 1017 722 1071 veteri
746 1022 957 1072 craterae
980 1017 1134 1072 limus
1159 1015 1389 1070 adhaesit.
1748 1017 1820 1071 80

218 1085 425 1142 Vilibus
449 1087 506 1141 in
530 1087 713 1157 scopis,
740 1088 792 1141 in
819 1087 1033 1159 mappis,
1058 1089 1114 1142 in
1140 1087 1292 1143 scobe
1317 1090 1541 1159 quantus

220 1157 471 1212 Consistit
496 1160 773 1226 sumptus?
847 1157 1135 1230 Neglectis‚
1160 1159 1415 1229 flagitium
1439 1157 1636 1230 ingens».

221 1227 346 1282 Ten’
372 1227 568 1309 lapides
593 1229 760 1283 varios
786 1228 1045 1283 lutulenta
1067 1229 1243 1283 radere
1267 1229 1452 1301 palma,

227 1298 291 1353 Et
316 1299 495 1370 Tyrias
522 1297 641 1353 dare
666 1299 858 1354 circum
883 1299 1029 1355 illota
1049 1299 1231 1354 toralia
1252 1305 1444 1367 vesteS,

219 1367 472 1434 Oblitum,
501 1373 694 1440 quanto
721 1388 896 1424 curam
922 1376 1290 1442 sumptumque
1316 1372 1560 1427 minorem

220 1438 355 1495 Haec
381 1437 617 1507 habeant,
643 1445 792 1496 tanto
818 1442 1123 1513 reprehendi
1142 1443 1335 1514 justius
1361 1441 1477 1508 illis,

222 1510 354 1579 Quae
377 1510 480 1565 nisi
504 1509 749 1566 divitibus
775 1516 1035 1583 nequeant
1061 1514 1358 1585 contingere
1386 1514 1575 1570 mensis
1591 1514 1649 1569 ?''

225 1586 259 1609 ‘⁶
275 1581 447 1637 Docte
474 1579 605 1648 Cati,
634 1600 726 1653 per
750 1583 1022 1639 amicitiam
1049 1584 1315 1656 Divosque
1341 1595 1570 1656 rogatuS,

224 1651 431 1708 Ducere
456 1670 538 1706 me
563 1652 810 1720 auditum,
838 1673 931 1725 per
968 1674 1024 1709 es
1051 1674 1373 1726 quocunque,
1401 1658 1673 1711 memento,

224 1722 366 1778 Nam
391 1724 623 1794 quamvis
647 1726 860 1779 memori
884 1744 939 1780 re
963 1744 1076 1781 eras
1102 1726 1230 1780 mihi
1253 1732 1464 1798 pectore
1488 1731 1690 1792 cuncta,
1752 1725 1824 1780 90

221 1793 349 1849 Non
373 1798 547 1849 tamen
571 1794 824 1865 interpres
849 1795 1154 1851 tantundem
1176 1798 1388 1869 juveris.
1463 1795 1612 1852 Adde

224 1863 449 1919 Vultum
472 1864 806 1936 habitumque
830 1866 1066 1935 hominis,
1096 1887 1248 1940 quem
1272 1872 1335 1923 tu
1356 1867 1547 1923 vidisse
1570 1868 1753 1922 beatus

224 1934 353 1990 Non
374 1954 424 1990 m
530 1937 546 1989 i
571 1935 918 2009 pendis‚.quia
942 1939 1196 2010 contigit3
1236 1944 1290 1993 at
1316 1939 1440 1993 mihi
1465 1956 1588 1993 cura

227 2004 354 2060 Non
377 2024 458 2061 me
500 2006 648 2061 'ocris
672 2007 823 2073 inest,
850 2009 1019 2064 fontes
1044 2019 1105 2064 ut
1132 2010 1271 2064 adire
1296 2015 1520 2064 remotos

227 2076 404 2148 Atque
428 2075 631 2133 haurire
657 2096 839 2151 queam
864 2079 984 2135 vitae
1010 2088 1270 2153 praecepta
1292 2080 1505 2136 beatae.’'

840 2256 1108 2333 sATIRA
1141 2258 1214 2315 v.

237 2351 413 2407 “Hoc
474 2371 660 2425 noque,
688 2352 897 2422 Tiresia,
926 2359 1116 2427 praeter
1138 2359 1343 2412 narrata
1364 2356 1565 2428 petenti

233 2420 446 2503 Respon
486 2442 529 2490 e,
559 2423 745 2496 quibus
770 2427 982 2481 amissas
1007 2445 1244 2496 reparare
1264 2446 1448 2520 queam
1474 2446 1558 2483 res

235 2493 455 2548 Artlbus
481 2499 636 2567 atque
661 2495 1058 2566 modis—Quid
1082 2497 1259 2552 rides?
1369 2502 1402 2525 “
1416 2499 1448 2552 J
1453 2516 1600 2553 amne
1624 2496 1803 2553 doloso

232 2562 357 2618 Non
383 2564 508 2618 satis
534 2570 615 2620 est
640 2565 870 2621 Ithacam
898 2568 1074 2622 revehi
1097 2567 1394 2639 patriosque
1418 2573 1629 2638 penates

232 2631 515 2705 Adspicere
531 2633 587 2689 ?”
664 2641 698 2698 ‘.‘
713 2637 761 2691 Ο
784 2636 914 2693 nulli
939 2638 1218 2710 quidquam
1242 2638 1476 2705 mentite,
1503 2638 1664 2707 vides,
1691 2641 1753 2694 ut
1776 2667 1782 2672 .

931 2732 954 2754 ι
979 2725 1118 2766 frusta
