2031 2952
258 137 359 185 142
874 136 882 149 “
910 124 1207 176 HORATII

263 250 484 305 Postera
504 246 598 303 lux
621 246 788 303 oritur
809 246 975 302 multo
999 245 1320 318 gratissima3
1355 248 1575 318 namque

260 320 465 375 Plotius
490 323 544 374 et
568 319 760 374 Varius
787 318 1042 372 Sinuessae
1066 317 1317 389 Virgilius
1354 337 1421 373 ue
1793 312 1867 366 40

267 390 576 456 Occurrunt,
604 390 799 455 animae,
827 388 1003 460 quales
1028 407 1195 460 neque
1220 407 1315 444 can
1352 388 1541 444 idiotes

265 461 425 516 Terra
446 460 570 516 tulit
591 478 760 532 neque
786 459 902 531 quis
927 471 1015 514 me·
1034 459 1102 517 sit
1128 459 1411 516 devinctior
1435 459 1580 515 alter.

264 530 313 585 O
339 532 428 603 qui
452 531 749 603 complexus
774 535 828 586 et
852 529 1041 603 gaudia
1063 535 1258 601 quanta
1280 530 1521 586 fuerunt!

264 602 360 658 Nil
384 620 481 674 ego
507 601 812 658 contulerim
830 601 1063 672 jucundo
1087 620 1242 657 sanus
1267 602 1446 658 amico.

264 673 512 728 Proxima
534 673 795 742 Campano
820 671 967 742 ponti
1024 691 1104 728 uae
1131 671 1323 738 villula,
1349 677 1546 728 tectum

266 743 514 809 Praebuit,
540 747 595 798 et
654 742 824 798 arochi
851 762 965 814 quoe
1025 743 1180 800 ebent
1205 744 1344 815 ligna
1367 744 1641 813 salemque.

267 813 412 870 Hinc
435 813 563 868 muli
587 762 779 885 Cgpuae
807 814 1022 870 clitellas
1047 819 1280 887 tempore
1304 818 1519 880 ponunt.

267 884 470 940 Lusum
491 884 535 940 it
558 885 834 950 Maecenas,
862 884 1142 940 dormitum
1285 883 1643 955 Virgiliusque
1655 903 1671 949 3

272 955 510 1026 Namque
533 955 638 1039 pila
659 955 812 1027 lippis
837 956 1099 1011 inimicum
1121 903 1374 1010 eteffdere
1397 953 1586 1009 crudis

263 1020 413 1081 Hinc
438 1043 533 1081 nos
558 1026 763 1082 Cocceii
784 1027 967 1098 recipit
993 1026 1289 1096 plenissima
1310 1025 1445 1091 villa,
1800 1019 1871 1075 5-0

271 1096 402 1165 Quae
425 1115 580 1170 super
604 1101 685 1152 est
711 1097 876 1152 Caudi
899 1116 1172 1168 cauponas.
1247 1097 1407 1153 Nunc
1429 1094 1556 1151 mihi
1578 1092 1754 1165 paucis

274 1167 531 1223 Sarmenti
554 1187 744 1225 scurrae
772 1188 997 1241 pugnam
1022 1169 1288 1241 Messique
1314 1166 1549 1232 Cicirrhi,

276 1237 450 1303 Musa,
476 1240 628 1294 velim
653 1258 922 1308 memoreS,
953 1244 1006 1295 et
1032 1259 1133 1313 quo
1158 1244 1304 1312 patre
1327 1244 1483 1294 natus
1508 1241 1728 1307 uterque

273 1308 567 1365 contulerit
588 1311 725 1367 lites.
799 1310 967 1366 Messi
990 1310 1184 1366 clarum
1208 1329 1373 1382 genus
1397 1309 1555 1375 Osci3

275 1379 534 1435 Sarmenti
557 1379 764 1437 domina
786 1385 989 1437 exstat:
1029 1382 1092 1437 ab
1117 1382 1197 1437 his
1221 1381 1319 1453 maj
1327 1381 1501 1436 oribus
1526 1378 1628 1434 orti

273 1449 362 1506 Ad
385 1471 611 1525 pugnam
633 1471 835 1509 venere.
910 1452 1065 1509 Prior
1091 1453 1421 1509 Sarmentus:
1464 1455 1496 1479 “
1510 1448 1650 1524 Equi
1671 1450 1728 1504 te

275 1522 406 1577 Esse
430 1523 529 1578 feri
553 1524 768 1579 similem
796 1525 963 1580 dico.”
1039 1524 1306 1589 Ridemus,
1333 1527 1387 1578 et
1411 1522 1522 1594 ipse

274 1592 534 1650 Messius:
576 1595 831 1666 “Accipio
851 1597 1130 1666 :'’—caput
1156 1599 1209 1651 et
1228 1598 1426 1649 movet:
1470 1593 1582 1658 “O,
1601 1595 1695 1646 tna
1711 1607 1875 1646 cornu

277 1663 353 1718 Ni
374 1664 510 1720 foret
534 1670 746 1722 exsecto
772 1666 967 1727 frons‚''
994 1665 1179 1737 inquit,
1209 1669 1243 1693 “
1258 1664 1381 1736 quid
1406 1664 1619 1730 facereS,
1646 1679 1803 1734 quum

279 1734 367 1790 Sic
390 1735 604 1791 mutilus
629 1736 877 1792 miniteris
896 1737 956 1791 1²⁹⁹
1030 1736 1105 1790 At
1128 1735 1203 1790 illi
1227 1734 1362 1790 foeda
1383 1734 1599 1790 cicatrix
1805 1730 1872 1786 60

281 1805 513 1861 Setosam
539 1806 651 1862 laevi
679 1807 900 1862 frontem
927 1809 1228 1877 turpaverat
1254 1806 1376 1861 oris.

279 1876 598 1949 Campanum
622 1877 676 1933 in
701 1877 951 1942 morbum,
980 1876 1036 1931 in
1058 1876 1238 1932 faciem
1262 1875 1519 1946 permulta
1533 1876 1759 1949 jocatuS,

281 1947 551 2003 Pastorem
576 1947 789 2004 saltaret
813 1947 894 2002 uti
922 1945 1154 2018 Cyclopa
1176 1946 1422 2018 rogabat:

278 2018 369 2072 Nil
392 2017 469 2073 illi
490 2018 631 2074 larva
654 2023 746 2073 aut
770 2022 821 2072 tr
891 2017 981 2074 'cis
1007 2035 1139 2086 opus
1164 2036 1278 2073 esse
1303 2016 1587 2072 cothurnis.
1612 2050 1615 2053 ·

279 2087 453 2144 Multa
475 2088 738 2155 Cicirrhus
763 2089 828 2147 ad
889 2108 990 2145 aec:
1028 2087 1292 2143 Donasset
1310 2087 1482 2160 jamne
1506 2090 1738 2141 catenam

180 2167 183 2168 ’
279 2157 365 2213 Ex
387 2165 513 2215 voto
540 2160 743 2225 laribus,
805 2159 1071 2216 uaerebat?
1148 2157 1326 2214 Scriba
1349 2158 1485 2230 quod
1511 2159 1667 2222 esset,

279 2228 528 2292 Deterius
549 2230 710 2286 nihilo
726 2240 750 2264 ⁰
811 2230 993 2285 ominae
1011 2233 1100 2301 jus
1127 2247 1256 2284 esse.
1333 2228 1570 2299 Rogabat

279 2298 538 2373 Denique,
565 2320 659 2358 cur
682 2320 908 2373 unquam
934 2301 1173 2372 fugisset,
1200 2299 1288 2356 cui
1312 2300 1435 2355 satis
1460 2316 1567 2354 una

281 2370 457 2427 Farris
481 2371 614 2428 libra.
637 2374 788 2438 foret,
815 2371 994 2444 gracili
1020 2371 1094 2427 sic
1117 2374 1330 2442 tamque
1353 2369 1584 2452 pusillo?

280 2439 504 2497 Prorsus
524 2442 751 2513 jucunde
775 2461 973 2499 coenam
995 2440 1334 2514 produximus
1358 2440 1512 2495 illam.
1813 2435 1879 2493 70

281 2510 561 2568 Tendimus
586 2513 705 2570 hinc
728 2519 872 2569 recta
895 2515 1270 2579 Beneventum,
1298 2510 1389 2567 ubi
1413 2508 1625 2567 sedulus
1648 2505 1834 2578 hospes

283 2581 441 2638 Paene
466 2602 665 2640 macros
689 2586 815 2639 arsit
841 2584 965 2640 dum
989 2582 1175 2639 turdos
1198 2590 1374 2638 versat
1397 2581 1451 2636 in
1473 2579 1614 2663 igni3

284 2651 425 2710 Nam
446 2672 578 2727 vaga
599 2672 695 2726 per
718 2661 948 2710 veterem
972 2654 1172 2727 dilapso
1195 2655 1400 2710 flamma
1423 2652 1647 2708 culinam

681 2749 704 2771 ⁰
727 2741 876 2783 Nihilo
894 2741 1085 2784 deterius
1127 2742 1270 2783 Nullo
1288 2739 1482 2782 deterius
