2031 2952
616 146 1000 201 CARMINUM
1036 146 1081 200 Ῐ.
1117 148 1266 203 5-7.
1710 147 1745 202 9
1857 162 1862 167 “

281 287 511 362 Nigrum
532 289 845 347 Merionen?
883 294 974 347 aut
997 309 1095 364 ope
1122 290 1348 347 Palladis

421 360 661 434 Tydiden
687 362 897 434 Superis
960 363 1139 418 arem?
1369 396 1376 403 ·

283 431 401 487 Nos
424 432 676 499 convivia,
703 451 800 487 nos
823 452 933 505 proe
957 434 1001 486 'a
1027 433 1286 503 virginum

285 503 454 558 Sectis
478 502 534 557 in
551 503 771 575 juvenes
795 502 1059 574 unguibus
1084 503 1278 559 acrium

273 573 573 629 *Cantamus
600 573 747 628 vacui
773 574 882 628 sive
907 573 1033 646 quid
1054 573 1268 640 urimur,

428 643 554 699 Non
575 648 765 717 praeter
789 644 1000 700 solitum
1022 643 1179 701 leves».
1355 652 1379 669 ·'
1672 649 1741 702 20

247 777 566 834 CARMEN
601 778 883 834 VIL-An
920 796 969 835 L.
1008 794 1321 835 mmmmm
1358 796 1639 836 PLANCUM.

145 883 500 940 Lamnum
525 882 612 938 alii
635 882 825 939 claram
848 883 1076 938 Rhodon
1100 886 1190 938 aut
1215 883 1528 955 Mytilenen,

286 956 398 1010 Aut
422 954 668 1027 Epheson
690 953 963 1009 bimarisve
989 954 1229 1008 Corinthi

145 1024 359 1091 Maenia,
385 1025 470 1080 vel
494 1025 699 1080 Baccho
723 1023 926 1080 Thebas
950 1023 1030 1079 vel
1058 1023 1298 1096 Apolline
1323 1022 1558 1095 Delphos

288 1094 401 1163 Insi
474 1113 529 1150 es
555 1099 645 1150 aut
669 1094 914 1151 Thessala
934 1093 1143 1165 Tempe.

148 1164 298 1233 Sunt,
324 1166 414 1236 qui
448 1185 512 1220 us
534 1184 696 1220 unum
722 1183 854 1236 opus
879 1168 959 1220 est
985 1165 1198 1220 intactae
1222 1163 1449 1219 Palladis
1473 1163 1653 1219 urbem
1670 1177 1694 1210 Κ

290 1235 530 1292 Carmine
553 1240 807 1308 perpetuo
832 1234 1111 1301 celebrare,
1137 1238 1192 1290 et

148 1306 295 1362 Undi
330 1325 395 1362 ue
411 1307 434 1340 ¹²
461 1305 755 1378 decerptam
778 1305 940 1360 fronti
962 1323 1260 1377 praeponere
1285 1305 1489 1361 olivam.

338 1377 556 1433 lurimus
579 1378 637 1432 in
658 1377 693 1431 J
696 1376 882 1431 unonis
907 1375 1156 1431 honorem

149 1448 351 1521 Aptum
377 1447 516 1505 dicet
540 1447 686 1520 equis
709 1447 882 1518 Argos
907 1446 1143 1519 ditesque
1167 1445 1437 1520 Mycenas,

286 1520 380 1575 Me
404 1538 500 1575 nec
523 1522 631 1573 tam
657 1517 860 1589 patiens
883 1517 1225 1575 Lacedaemon
1671 1517 1739 1570 10

146 1592 264 1648 Nec
288 1594 397 1646 tam
419 1589 641 1646 Larissae
667 1588 919 1661 percussit
944 1607 1155 1661 campus
1180 1589 1381 1670 opimae,

288 1661 457 1732 Quam
482 1659 664 1715 domus
689 1659 940 1716 Albuneae
962 1664 1253 1715 resonantis

146 1733 219 1788 Et
244 1751 473 1805 praeceps
498 1730 636 1786 Anio
658 1749 720 1787 ac
743 1730 959 1786 Tiburni
980 1731 1130 1787 lucus
1154 1733 1208 1786 et
1231 1729 1336 1785 uda

291 1800 575 1858 Mobilibus
600 1800 830 1872 pomaria
852 1801 992 1857 rivis.

147 1873 318 1930 Albus
339 1877 402 1929 ut
425 1873 646 1928 obscuro
671 1873 908 1944 deterget
931 1870 1107 1927 nubila
1131 1871 1258 1927 coelo

291 1945 437 2016 Saepe
462 1943 640 1999 Notus
664 1961 833 2015 neque
856 1942 1081 2014 parturit
1105 1942 1296 1998 imbres

146 2016 454 2087 PerpetuoS,
483 2016 559 2069 sic
581 2018 645 2069 tu
669 2016 871 2085 sapiens
895 2013 1043 2068 finire
1066 2017 1328 2069 memento

288 2085 577 2141 Tristitiam
599 2083 825 2156 vitaeque
843 2083 1050 2140 labores

149 2154 316 2221 Molli,
341 2154 549 2222 Plance,
576 2173 732 2220 mero,
759 2173 853 2210 seu
876 2158 930 2209 te
953 2154 1207 2225 fulgentia
1230 2152 1394 2224 signis
1557 2205 1564 2211 ,

288 2226 478 2281 Castra
498 2228 679 2280 tenent
703 2242 797 2279 seu
821 2224 978 2279 densa
999 2224 1199 2279 tenebit
1670 2223 1739 2276 20

145 2294 354 2352 Tiburis
378 2295 563 2351 umbra
585 2295 680 2351 tui.
752 2295 953 2350 Teucer
978 2294 1235 2349 Salamina
1259 2295 1563 2366 patremque

285 2366 460 2436 Quum
484 2365 542 2421 fu
579 2368 706 2431 eret,
730 2369 906 2421 tamen
930 2364 1033 2419 uda
1053 2365 1214 2437 Lyaeo

145 2436 404 2509 Tempora
425 2386 651 2508 popffiea
671 2437 836 2491 fertur
858 2434 1086 2491 vinxisse
1109 2453 1316 2499 corona,

290 2507 377 2562 Sic
399 2507 579 2562 tristes
602 2506 788 2561 affatus
814 2505 1039 2561 amicos:

148 2576 319 2648 “Quo
342 2595 438 2633 nos
462 2593 667 2648 cunque
691 2576 822 2630 feret
847 2575 1026 2630 melior
1048 2576 1261 2631 fortuna
1282 2579 1501 2647 parente

288 2646 507 2714 Ibimus,
532 2664 565 2702 o
591 2646 720 2701 socii
744 2646 1065 2718 comitesque
1088 2647 1100 2702 Ξ

452 2761 475 2789 ε
501 2761 625 2791 arces
673 2760 819 2791 arcem
1048 2783 1054 2787 ,
1212 2748 1234 2777 ¹²
1261 2747 1458 2798 Indeque
