2031 2952
721 133 902 170 INDEX
935 133 1218 173 INITIALIS.

1679 125 1780 174 269

172 238 303 287 Petu,
320 238 432 278 nihil
448 249 518 279 me
538 237 653 278 sicut
675 232 806 278 antea
817 237 948 287 juvat
1012 239 1110 282 Quo
1126 248 1210 286 me,
1225 237 1409 286 Bacche,
1423 237 1543 287 rapis
1559 237 1628 278 tui
1641 206 1781 282 barm.

171 289 553 429 Plggggsiffarum’e
554 339 798 390 quepotens
806 337 948 378 Diana

256 400 364 430 arm.
414 401 437 430 e
466 418 477 429 .

149 437 154 443 ’
172 440 362 480 Phoebus
412 440 631 481 volentem
675 438 830 488 proelia
875 449 946 478 me

219 489 339 540 loqui
357 490 499 530 Carm.
519 491 594 530 IV.
616 490 679 529 15.

171 539 411 580 Pindarum
427 540 625 591 quisquis
641 540 791 580 studet
808 550 945 579 aemu-

219 590 303 630 lari
320 591 459 631 carm.
482 591 558 631 Iv.
577 591 613 630 2.
782 598 785 601 ’

171 641 408 680 Poscimur.
481 640 525 680 Si
558 640 663 690 quid
697 641 826 681 vacui
864 640 945 680 sub

220 690 378 731 umbra
394 692 536 731 carm.
555 692 593 731 1.
613 691 674 730 32.

170 742 280 785 Quae
311 752 416 781 cura
445 744 623 790 patrum
651 751 807 791 quaeve
840 739 947 786 Qui-

219 791 372 832 ritium
390 791 532 832 carm.
552 792 629 832 IV.
650 792 713 831 14.

172 842 354 886 Qualem
370 841 622 881 ministrum
648 841 845 881 fulminis
868 840 947 881 ali-

219 894 309 931 tem
330 892 473 932 Carm.
493 893 568 932 1v.
587 892 626 932 4.

153 942 357 986 -Quando
384 946 608 991 repostum
632 940 868 982 Caecubum
891 943 947 983 ad

220 992 354 1033 festas
371 993 503 1040 dapes
520 992 656 1040 Epod.
678 994 714 1034 9.

170 1044 395 1133 Ωιίεἰῐῐιιυιιι
411 1042 542 1085 distet
557 1042 612 1082 ab
624 1043 789 1083 Inacho
799 1043 938 1085 carm.

172 1145 313 1189 Quem
364 1146 428 1192 tu,
478 1144 763 1193 Melpomene,
813 1145 946 1184 semel

222 1194 361 1235 carm.
384 1195 457 1236 IV.
480 1195 515 1235 3.

171 1244 310 1288 Quem
337 1245 482 1284 virum
508 1252 585 1286 aut
603 1244 738 1283 heroa
762 1244 861 1295 lyra
876 1245 946 1284 vel

123 1322 132 1333 .
220 1294 309 1334 acri
327 1295 465 1336 carm.
488 1295 524 1336 1.
547 1296 607 1335 12.

171 1345 287 1390 Quid
303 1345 532 1385 bellicosus
550 1344 762 1385 Cantaber
778 1347 824 1384 et
842 1346 943 1395 Scy-

219 1396 318 1435 thes
336 1395 475 1437 Carm.
499 1396 559 1436 11.
585 1396 646 1436 11.

169 1445 287 1536 Ωιέἰᾱ
295 1446 344 1486 de
349 1446 542 1536 difagilim
551 1445 691 1496 poscit
700 1444 944 1496 Apollinem

253 1507 359 1537 arm.
409 1529 418 1538 .
492 1529 501 1538 .

169 1546 285 1594 Quid
327 1546 419 1596 fles,
464 1546 648 1593 Asterie,
693 1558 823 1596 quem
866 1548 946 1588 tibi

218 1596 395 1637 candidi
412 1598 552 1639 carm.
575 1597 659 1638 111.
686 1598 721 1639 7.

168 1647 283 1695 Quid
298 1646 575 1687 immerentes
598 1647 792 1697 hospites
810 1659 945 1688 vexas

218 1697 339 1736 canis
357 1698 491 1745 Epod.
511 1698 549 1738 6.

169 1746 285 1792 Quid
302 1746 383 1785 tibi
401 1747 482 1795 vis,
500 1746 673 1797 mulier,
692 1748 831 1797 nigris
847 1748 943 1798 dig·

218 1795 399 1835 nissima
415 1796 555 1837 barris
572 1798 709 1846 Epod.
734 1799 796 1837 12.

168 1846 276 1892 Quis
322 1845 537 1886 desiderio
581 1849 641 1887 sit
683 1849 824 1897 pudor
864 1854 942 1890 aut

216 1896 373 1936 modus
390 1897 528 1938 Carm.
552 1897 587 1939 Ῑ.
611 1898 671 1939 24.

168 1946 276 1992 Quis
311 1947 450 1987 multa
484 1946 659 1997 gracilis
687 1950 732 1989 te
758 1959 869 1998 puer
893 1949 941 1988 in

217 2007 318 2037 rosa
335 1998 474 2040 carm.
496 2000 532 2040 I.
554 1999 591 2040 5.

1012 288 1231 386 Qigf‘qfffo'
1246 337 1419 379 scelesti
1433 338 1562 379 ruitis
1574 337 1590 379 ‘3
1616 344 1696 381 aut
1707 350 1785 381 cur

1062 388 1254 428 dexteris
1271 390 1404 437 Epod.
1428 390 1463 430 7.

1011 440 1169 484 Quum
1184 440 1248 489 tu,
1267 439 1420 491 Lydia,
1440 440 1621 490 Telephi
1641 441 1781 484 carm.

1009 490 1188 579 Relctilgs
1194 539 1330 588 vives,
1339 539 1492 589 Licini,
1499 551 1640 592 neque
1646 541 1787 582 altum

1062 590 1202 631 Carm.
1225 591 1286 631 11.
1300 592 1370 631 ’10.

1009 641 1184 688 Rogare
1200 641 1331 690 longo
1348 640 1549 690 putidam
1571 642 1617 681 te
1639 641 1786 682 seculo

1011 691 1369 782 Scffissss‘ssifvfflo
1387 741 1511 782 fortis
1529 743 1574 782 et
1592 742 1787 783 hostium

1011 790 1206 889 Secpffi‚
1226 791 1381 881 Ῑόἓᾶεε
1414 842 1586 883 aditure
1614 853 1788 883 mecum

1061 894 1107 931 et
1124 890 1264 933 carm.
1286 892 1346 933 11.
1369 893 1406 933 6.

1011 941 1079 981 Sic
1087 943 1131 980 te
1140 940 1242 981 diva
1248 945 1404 991 potens
1412 942 1542 994 Cypri
1551 942 1691 984 Carm.
1703 943 1739 984 1.
1746 944 1782 985 3.

1010 990 1204 1031 Solvitur
1234 993 1344 1033 acris
1371 992 1512 1033 hiems
1536 997 1663 1043 grata
1691 993 1787 1034 vice

1060 1042 1174 1081 veris
1191 1045 1236 1082 et
1252 1043 1417 1083 Favoni
1435 1044 1576 1083 Carm.
1597 1044 1632 1084 Ι.
1652 1044 1691 1084 4.

1008 1093 1069 1133 Te
1104 1092 1238 1132 maris
1271 1096 1316 1135 et
1350 1096 1481 1134 terrae
1515 1104 1786 1144 numeroque

1060 1143 1247 1183 carentis
1264 1154 1408 1184 arenoe
1426 1144 1564 1185 earm.
1587 1145 1622 1185 1.
1646 1144 1707 1185 28.

1008 1194 1073 1233 Tu
1082 1203 1138 1232 ne
1146 1195 1384 1244 quaesieris,
1392 1193 1499 1234 scire
1509 1194 1649 1243 nefas,
1658 1204 1788 1244 quem

1058 1243 1181 1292 mihi,
1201 1255 1330 1294 quem
1348 1245 1431 1285 tibi
1450 1245 1590 1286 carm.
1613 1246 1646 1285 I.
1673 1246 1731 1285 ll.

1008 1293 1238 1343 Tyrrhena
1263 1306 1419 1346 regum
1442 1295 1684 1345 progenies,
1704 1294 1787 1335 tibi

1061 1345 1201 1386 carm.
1225 1346 1311 1387 111.
1334 1347 1396 1387 29.

1008 1394 1112 1435 Ulla
1137 1394 1174 1433 si
1197 1396 1312 1446 juris
1336 1395 1418 1436 tibi
1439 1395 1625 1447 peierati
1643 1395 1781 1437 Carm.

1008 1445 1782 1549 Ung'rgeuperisIbycicarmJII.15.

1006 1547 1143 1589 Velox
1159 1559 1379 1606 amoenum
1395 1559 1515 1598 saepe
1528 1547 1787 1588 Lucretilem

1006 1598 1218 1701 Viffgssffi‘t
1224 1600 1330 1690 Ia'lgg
1335 1631 1425 1690 stet
1436 1648 1538 1689 nive
1554 1647 1788 1688 candidum

1007 1700 1320 1801 vffss‘ssssdbss·
1358 1748 1538 1790 modicis
1579 1746 1788 1788 sabinum

1005 1800 1358 1891 Viglsrffinii'uzgo
1373 1859 1444 1889 me
1461 1848 1630 1900 simiIiS,
1652 1849 1786 1890 Chloe

1059 1902 1199 1943 Carm.
1223 1901 1259 1941 Ι.
1283 1900 1345 1941 28.

1005 1950 1283 2042 ῩίΙιΙίῙΡιΞέΠΒ
1294 1961 1436 2000 nuper
1447 1949 1630 1991 idoneus
1641 1950 1780 1992 Carm.

751 2114 814 2157 11.
846 2115 1201 2158 SATIRARUM.

167 2199 507 2239 Ambubaiarum
524 2198 722 2251 collegia,
742 2199 946 2249 pharma-

219 2250 383 2297 copolae
402 2250 494 2291 Lib.
518 2250 553 2292 1.
578 2251 616 2292 2.

1005 2199 1277 2239 Jamdudum
1305 2200 1505 2241 ausculto
1534 2202 1580 2240 et
1606 2200 1786 2249 cupiens

1059 2250 1139 2290 tibi
1157 2250 1298 2291 dicere
1317 2260 1469 2291 servus
1487 2250 1579 2292 Lib.
1602 2251 1664 2292 11.
1688 2252 1723 2292 7.

170 2300 403 2349 Egressum
452 2312 613 2351 mag-na
658 2311 728 2340 me
774 2300 947 2349 excepit
1007 2300 1133 2340 Ibam
1151 2300 1265 2340 forte
1281 2301 1354 2340 via
1371 2312 1507 2350 sacra,
1527 2301 1642 2341 sicut
1664 2311 1787 2341 meus

218 2349 363 2389 Aricia
379 2351 519 2391 Roma
535 2351 630 2393 Lib.
649 2351 685 2392 1.
708 2352 743 2392 5.

1058 2353 1127 2391 est
1143 2361 1240 2390 mos
1257 2350 1349 2393 Lib.
1372 2352 1407 2393 1.
1431 2353 1466 2393 9.

171 2399 351 2448 Eupolis
380 2404 512 2451 atque
545 2400 750 2441 Cratinus
777 2400 946 2441 Aristo·
1007 2402 1175 2451 Nempe
1216 2401 1502 2451 incomposito
1544 2400 1638 2440 dixi
1679 2401 1787 2451 pede

220 2449 469 2499 phanesque
486 2450 629 2500 poetae
649 2451 738 2493 Lib.
762 2452 796 2493 I.
818 2453 855 2492 4.

169 2500 267 2540 Hoc
295 2504 393 2540 erat
420 2500 466 2539 in
495 2500 637 2542 votis:
665 2502 822 2542 modus
849 2501 946 2552 agri

218 2561 307 2590 non
322 2550 385 2590 ita
400 2561 587 2599 magnus
604 2551 695 2593 Lib.
718 2552 779 2594 11.
801 2554 838 2594 6.

1057 2462 1233 2492 currere
1251 2462 1404 2493 versus
1422 2452 1512 2493 Lib.
1535 2451 1570 2492 I.
1596 2453 1655 2492 10.

1006 2503 1106 2543 Non
1139 2502 1257 2552 quia,
1293 2502 1524 2550 Maecenas,
1562 2502 1786 2553 Lydorum

1057 2551 1271 2603 quidquid
1286 2553 1494 2593 Etruscos
1510 2551 1602 2593 Lib.
1625 2553 1659 2593 Ι.
1681 2554 1717 2594 6.

167 2601 264 2642 Hoc
282 2611 467 2652 quoque,
481 2600 657 2649 Tiresia,
675 2605 837 2651 praeter
846 2614 945 2643 nar-
1007 2602 1124 2642 Olim
1145 2607 1329 2643 truncus
1352 2613 1473 2643 eram
1490 2602 1693 2654 ficulnus,
1714 2602 1786 2643 in·

217 2653 315 2698 rata
331 2650 500 2708 petenti
516 2651 609 2694 Lib.
634 2654 693 2693 11.
718 2654 753 2695 ⁵.

1058 2653 1167 2693 utile
1182 2652 1354 2707 lignum
1370 2653 1461 2695 Lib.
1484 2652 1520 2694 I.
1541 2653 1578 2694 8.
