2031 2952
762 122 896 179 Ans
927 123 1237 179 POETIOA.
1694 102 1799 188 '289

197 238 477 297 Conversis
502 237 691 299 studiis
716 242 843 297 aetas
868 241 1170 315 animusque
1193 242 1355 301 virilis

196 310 393 380 Quaerit
417 330 541 384 opes
566 314 621 369 et
645 311 913 380 amicitias,
939 312 1155 369 inservit
1178 313 1376 381 honori,

196 382 529 440 commisisse
553 386 702 441 navet
726 383 865 456 quod
889 403 1012 440 mox
1040 389 1242 440 mutare
1262 384 1480 442 laboret.

194 453 370 509 Multa
393 472 566 510 senem
594 453 1002 512 circumveniunt
1027 456 1365 524 incommoda,
1388 457 1475 515 vel
1499 457 1637 532 qnod

195 524 393 593 Quaerit
417 528 471 581 et
492 524 716 581 inventis
742 524 898 582 miser
921 525 1148 583 abstinet
1172 545 1232 582 ac
1257 527 1406 584 timet
1430 529 1526 595 uti,
1691 531 1793 591 170

194 596 296 650 Vel
320 595 458 667 quod
480 614 563 651 res
588 614 764 654 omnes
788 596 969 653 timide
992 597 1264 669 gelideque
1290 598 1564 670 ministrat,

193 666 416 733 Dilator,
444 685 535 739 spe
559 666 763 736 longuS,
790 667 945 734 iners,
972 667 1259 740 avidusque
1282 669 1461 738 futuri,

194 737 449 804 Difficilis,
477 738 738 809 queruluS,
764 738 1002 795 laudator
1026 739 1272 811 temporis
1297 742 1402 797 acti

196 810 262 865 Se
322 826 463 874 uere,
490 808 770 878 castigator
793 827 1080 881 censorque
1105 810 1374 867 minorum.

195 827 370 934 MuYta
393 879 567 935 ferunt
592 880 713 934 anni
734 880 1001 936 venientes
1028 881 1293 937 commoda
1316 900 1525 950 secum3

194 949 368 1006 Multa
393 948 691 1007 recedentes
717 950 968 1006 adimunt.
1043 952 1130 1007 Ne
1153 951 1288 1007 forte
1312 953 1499 1010 seniles

193 1020 514 1075 Mandentur
533 1020 714 1091 juveni
738 1025 911 1093 partes
934 1040 1199 1095 pueroque
1220 1023 1410 1091 virilcS,

196 1092 407 1162 Semper
433 1090 490 1147 in
513 1091 769 1163 adjunctis
793 1110 1005 1164 aevoque
1030 1092 1344 1150 morabimur
1366 1095 1518 1168 aptis.

96 1210 102 1217 .
192 1163 304 1216 Aut
327 1161 501 1233 agitur
524 1179 608 1217 res
634 1162 688 1218 in
710 1163 878 1218 scenis
903 1168 993 1219 aut
1018 1172 1137 1220 acta
1159 1165 1394 1223 refertur.

195 1233 417 1303 Segnius
440 1231 646 1287 irritant
671 1233 867 1289 animos
893 1233 1117 1291 demissa
1139 1253 1233 1305 per
1256 1236 1453 1303 aurem,'
1687 1239 1790 1293 180

194 1303 363 1372 Quam
388 1321 502 1374 quae
526 1308 649 1359 sunt
674 1303 836 1358 oculis
862 1304 1098 1376 subjecta
1119 1305 1356 1362 fidelibus
1383 1312 1437 1363 et
1462 1326 1578 1380 quae

192 1374 315 1442 Ipse
341 1373 437 1429 sibi
463 1373 623 1455 tradit
647 1378 941 1444 spectator:
978 1394 1085 1431 11011
1108 1380 1284 1433 tamen
1306 1377 1448 1433 intus

75 1495 82 1502 ,
193 1444 367 1518 Digna
428 1462 501 1500 erl
525 1462 729 1516 promes
753 1444 809 1501 in
833 1463 1038 1502 scenam
1063 1449 1327 1522 multaque
1351 1449 1502 1506 tolles

191 1517 272 1574 Ex
300 1534 396 1571 ocu
421 1534 479 1581 is,
507 1534 621 1587 quae
646 1534 767 1572 mox
789 1522 963 1573 narret
984 1518 1226 1575 facundia
1250 1539 1489 1590 praesens.

192 1588 278 1643 Ne
302 1605 490 1659 pueros
517 1605 686 1643 coram
715 1587 905 1660 populo
928 1589 1120 1646 Medea
1142 1591 1384 1660 trucidet,

191 1660 302 1714 Aut
328 1658 552 1713 humana
611 1657 743 1714 alam
766 1664 956 1732 coquat
980 1665 1103 1716 exta
1124 1662 1348 1718 nefarius
1375 1665 1583 1728 Atreus,

190 1730 303 1783 Aut
327 1728 384 1783 in
407 1746 552 1784 avem
623 1747 780 1785 rocne
803 1735 1056 1798 vertatur,
1085 1733 1312 1788 Cadmus
1336 1734 1392 1789 in
1415 1751 1653 1816 anguem.

192 1798 555 1871 Quodcunque
578 1800 808 1856 ostendis
833 1801 959 1858 mihi
982 1803 1073 1870 sic,
1098 1804 1393 1860 incredulus
1419 1803 1520 1860 odi.

189 1871 341 1927 Neve
365 1870 532 1924 minor
554 1889 658 1926 nen
682 1870 753 1927 sit
777 1873 960 1944 quinto
984 1874 1283 1945 productior
1307 1879 1429 1930 actu

189 1940 400 2007 Fabula,
428 1959 543 2013 quae
566 1941 713 2012 posci
735 1945 849 1999 vult
873 1948 927 1999 et
952 1949 1188 2016 spectata
1210 1945 1422 2017 reponit
1685 1943 1789 2024 199

189 2011 307 2067 Nec
331 2011 477 2068 Deus
501 2010 725 2079 intersit,
752 2014 852 2070 nisi
876 2014 1064 2085 dignus
1087 2014 1288 2072 vindice
1312 2014 1480 2071 nodus

188 2079 470 2148 Inciderit;
508 2101 606 2138 nec
667 2089 815 2139 uarta
838 2083 856 2138 l
927 2084 982 2139 ui
1004 2103 1226 2156 persona
1250 2085 1463 2144 laboret.

188 2152 399 2208 Actoris
425 2165 600 2224 partes
625 2173 655 2209 o
692 2171 816 2209 orus
839 2172 871 2208 o
925 2154 1164 2227 cinmque
1188 2155 1335 2214 virile

188 2223 466 2289 Defendat‚
493 2242 595 2280 neu
623 2224 745 2297 quid
770 2224 967 2279 medios
990 2225 1266 2281 intercinat
1289 2228 1456 2293 actus,

187 2293 343 2361 Quod
367 2311 470 2349 non
498 2296 761 2367 proposito
786 2294 1042 2351 conducat
1067 2301 1122 2351 et
1145 2297 1337 2354 haereat
1362 2302 1499 2372 apte.

187 2364 287 2419 Ille
315 2364 460 2420 bonis
487 2368 761 2436 faveatque
785 2370 838 2420 et
862 2365 1166 2423 consilietur
1188 2369 1367 2436 amice,

187 2434 260 2490 Et
284 2439 434 2506 regat
459 2435 621 2492 iratos
647 2442 701 2492 et
725 2441 862 2492 amet
885 2454 1071 2509 pacare
1096 2444 1389 2508 tumentes;

188 2506 286 2560 Ille
314 2506 470 2577 dapes
494 2506 673 2562 landet
697 2525 887 2563 mensae
912 2507 1098 2574 brevis,
1125 2509 1213 2564 ille
1237 2510 1495 2570 salubrem

188 2578 223 2631 J
226 2576 460 2631 ustitiam
483 2576 729 2658 legesque
754 2585 809 2634 et
834 2578 1028 2648 apertis
1054 2581 1159 2636 otia
1185 2583 1366 2653 potue,
1812 2643 1831 2658 „

188 2646 286 2702 Ille
311 2650 456 2702 teoat
481 2664 754 2706 commissa
776 2649 1023 2720 Deosque
1048 2659 1288 2721 precetur
1311 2657 1365 2712 et
1390 2654 1521 2724 oret,
1685 2652 1788 2716 200

187 2718 269 2780 Ut
293 2692 471 2780 red⁵eat
493 2716 712 2787 miseris,
739 2718 891 2777 abeat
912 2720 1125 2778 fortuna
1148 2722 1400 2800 superbis.
1482 2797 1489 2803 .
