2031 2952
708 132 844 198 Ans·
872 149 1181 202 PomIcA.
1640 154 1747 208 243

155 263 284 320 Rem
310 264 406 320 tibi
430 267 705 324 Socraticae
727 272 976 341 poterunt
1000 270 1271 327 ostendere
1294 271 1500 340 chartae,
1633 275 1740 329 310
1844 340 1855 357 ⁸

156 334 325 392 Verba
358 355 425 392 ue
448 339 705 409 provisam
729 358 839 395 rem
862 359 965 399 non
988 341 1152 396 invita
1174 360 1230 397 se
1265 347 1470 398 nentur.

155 407 259 466 Qui
283 356 478 490 didicit,
505 409 683 480 patriae
709 410 835 482 quid
861 410 1043 467 debeat
1068 416 1121 466 et
1146 360 1270 484 quid
1294 413 1483 477 amicis,

155 476 268 546 Quo
292 481 362 533 sit
387 496 557 535 amore
580 499 781 552 parens,
809 499 913 552 quo
936 482 1097 537 frater
1122 482 1366 539 amandus
1392 488 1446 539 et
1473 486 1675 558 hospes,

151 547 300 617 Quod
324 548 393 604 sit
416 550 707 623 conscripti,
734 551 872 623 quod
890 551 1079 623 judicis
1103 553 1338 620 officium,
1365 573 1480 627 quae

152 618 330 674 Partes
354 619 409 674 in
431 618 623 675 bellum
650 621 793 677 missi
816 621 976 689 duciS,
1003 622 1088 678 ille
1112 624 1345 694 profecto

151 688 387 746 Reddere
414 708 642 760 personae
665 692 764 748 scit
789 693 1144 748 convenientia
1166 695 1251 750 cui
1287 714 1370 750 ue.

149 759 429 831 Respicere
453 761 714 832 exemplar
737 763 856 818 vitae
880 782 1181 835 morumque
1199 765 1260 836 ju
1297 764 1394 821 ebo

149 828 374 886 Doctum
399 831 715 887 imitatorem
733 839 785 888 et
810 834 952 889 vivas
976 834 1097 889 hinc
1121 832 1307 890 ducere
1330 853 1498 891 voces,

151 899 417 956 Interdum
445 902 675 984 speciosa
697 903 822 959 locis
846 910 1146 976 morataque
1169 911 1310 961 recte

147 969 345 1094 {abula
365 972 558 1029 nullius
582 973 816 1040 Veneris,
844 975 953 1030 sine
1013 975 1203 1031 ondere
1227 980 1280 1031 et
1304 978 1430 1040 arte,
1627 977 1732 1032 320

202 1041 365 1098 aldius
389 1043 616 1100 oblectat
642 1045 881 1117 populum
909 1065 990 1100 me
1014 1046 1195 1119 'usque
1217 1051 1446 1101 moratur

148 1112 321 1172 Quam
343 1134 523 1171 versus
548 1115 723 1187 inopes
748 1134 921 1171 rerum
945 1135 1196 1188 nugaeque
1221 1135 1436 1173 canorae.

148 1183 315 1240 Graiis
340 1185 619 1257 ingenim,
648 1186 814 1241 Graiis
839 1184 980 1242 dedit
1004 1205 1092 1242 ore
1115 1187 1342 1242 rotundo

151 1253 310 1311 Musa
331 1255 503 1328 loqui3
539 1260 723 1327 praeter
746 1255 947 1312 laudem
970 1256 1164 1313 nullius
1187 1258 1370 1313 avaris.

145 1323 368 1381 Romani
391 1327 541 1409 pueri
565 1326 731 1398 longis
755 1327 1038 1383 rationibus
1062 1346 1226 1382 assem

143 1394 368 1452 Discunt
393 1416 447 1452 m
469 1401 642 1469 partes
668 1405 877 1453 centum
902 1397 1158 1453 diducere.
1228 1397 1388 1454 Dicat

142 1465 306 1523 Filius
330 1467 522 1536 Albini,
554 1473 588 1497 “
605 1467 661 1524 Si
686 1467 748 1524 de
774 1468 1062 1539 quincunce
1085 1472 1283 1524 remota
1305 1471 1388 1525 est

142 1537 328 1605 Urmia,
347 1539 470 1612 quid
485 1543 695 1610 superat
711 1539 735 1573 ¹³
752 1539 809 1595 ?”
833 1540 1052 1595 Poteras
1068 1539 1271 1606 dixisse,
1292 1539 1562 1595 “Triens.”
1578 1540 1731 1595 “Eu!

141 1606 279 1664 Rem
303 1610 499 1692 poteris
525 1628 726 1665 servare
750 1614 909 1664 tuam.
981 1610 1142 1665 Redit
1165 1610 1332 1677 uncia,
1359 1610 1483 1682 quid
1508 1611 1566 1665 fit
1583 1612 1640 1666 ?'’

143 1682 180 1707 “
195 1679 413 1736 Semis.”
485 1683 559 1736 At
583 1681 693 1736 haec
717 1680 912 1736 animos
936 1699 1111 1752 aerugo
1135 1686 1188 1736 et
1213 1699 1338 1737 cura
1359 1680 1529 1751 peculi
1623 1681 1730 1736 330

140 1748 316 1817 Quum
341 1753 501 1806 semel
524 1751 779 1816 imbuerit,
807 1769 1069 1823 speramus
1093 1752 1317 1809 carmina
1338 1752 1464 1816 fingi

138 1818 304 1876 Posse
326 1820 534 1876 linenda
556 1821 790 1877 cedro-et
810 1820 910 1876 levi
936 1822 1186 1877 servanda
1209 1822 1497 1892 cupresso?
1567 1857 1573 1864 ·

136 1891 252 1945 Aut
275 1891 521 1963 prodesse
544 1892 726 1948 volunt
748 1896 839 1948 aut
862 1892 1116 1948 delectare
1140 1895 1327 1963 poetae,

136 1962 253 2016 Aut
277 1962 430 2017 simul
454 1967 508 2018 et
525 1963 752 2034 jucunda
774 1967 828 2017 et
851 1962 1035 2018 idonea
1057 1962 1226 2017 dicere
1252 1961 1384 2018 vitae.

136 2029 405 2104 Quidquid
430 2034 707 2104 praecipies,
734 2037 847 2087 esto
870 2032 1059 2098 brevis,
1085 2037 1146 2087 ut
1171 2031 1274 2088 cito
1298 2031 1437 2089 dicta

135 2099 435 2172 Percipient
462 2103 616 2159 animi
639 2101 829 2158 dociles
851 2106 1165 2175 teneantque
1187 2102 1396 2170 fide-les3

136 2170 307 2227 Omne
331 2191 698 2245 supervacuum
724 2172 880 2245 pleno
904 2171 967 2228 de
991 2179 1198 2245 pectore
1222 2176 1413 2230 manat.

134 2240 292 2297 Ficta
313 2242 594 2316 voluptatis
617 2261 772 2299 causa
795 2243 901 2297 sint
925 2244 1158 2312 proxima
1178 2243 1331 2310 veriS,

134 2311 257 2367 Nec
281 2313 519 2385 quodcun
554 2333 624 2370 ue
646 2313 802 2379 volet,
828 2318 1008 2385 poscat
1033 2313 1133 2368 sibi
1153 2313 1326 2369 fabula
1348 2314 1501 2382 credi,

134 2381 263 2437 Neu
287 2401 485 2454 pransae
558 2384 703 2439 amiae
724 2384 899 2438 vivum
923 2402 1138 2456 puerum
1163 2385 1400 2440 extrahat
1423 2384 1555 2442 alvo,
1622 2385 1728 2440 340

134 2452 402 2508 Centuriae
427 2455 684 2510 seniorum
710 2454 909 2525 agitant
934 2453 1166 2525 expertia
1189 2455 1370 2527 frugis,

133 2522 280 2578 Celsi
304 2528 617 2595 praetereunt
641 2530 846 2581 austera
867 2530 1108 2596 poemata
1129 2524 1423 2582 Rhamnes:

134 2592 307 2648 Omne
331 2593 455 2649 tulit
480 2599 743 2664 punctum,
771 2594 858 2666 qui
882 2594 1090 2650 miscuit
1112 2594 1238 2648 utile
1263 2595 1407 2652 dulci

130 2662 420 2746 Lectorem
442 2664 745 2721 delectando
768 2666 1061 2789 pariter&
1085 2665 1373 2735 monend03

858 2757 937 2796 sup
