2031 2952
734 122 865 173 ARs
899 124 1211 180 POETIOA.
1665 126 1763 178 241

176 240 391 315 Pythias
413 242 657 299 emuncto
679 241 880 298 lucrata
905 242 1112 298 Simone
1135 240 1406 306 talentum,

177 315 264 367 An
288 318 464 369 custos
490 312 811 384 famulusque
835 313 937 368 Dei
963 313 1167 369 Silenus
1191 311 1396 367 alumni.

177 383 262 438 Ex
284 391 410 440 noto
437 384 611 438 fictum
638 401 840 439 carmen
865 402 1065 456 sequar,
1090 388 1152 438 ut
1177 381 1275 438 sibi
1297 379 1466 451 quivis
1662 380 1766 436 240

181 454 363 526 Speret
388 454 538 520 idem,
564 454 717 510 sudet
741 455 959 511 multum
983 457 1277 525 frustraque
1301 451 1499 506 laboret

179 527 353 580 Ausus
378 524 510 580 idem
533 548 547 580 ε
585 530 788 581 tantum
813 527 969 582 series
988 526 1335 599 junctumque
1360 523 1531 593 pollet,

180 596 403 650 Tantum
428 594 491 650 de
515 595 684 651 medio
709 598 928 669 sumptis
951 597 1152 653 accedit
1177 592 1400 650 honoris.

183 664 344 737 Silvis
362 665 570 721 deducti
592 673 805 723 caveant
830 687 911 724 me
928 668 1104 740 judice
1128 664 1310 731 Fauni,

181 735 268 791 Ne
293 737 434 792 velut
458 736 620 793 innati
644 738 807 793 triviis
833 757 892 794 ac
919 757 1059 810 paene
1082 738 1312 793 forenses

183 809 294 862 Aut
318 807 529 863 nimium
553 809 743 865 teneris
762 808 1077 882 juvenentur
1100 807 1333 864 versibus
1356 824 1601 879 unquam,

183 880 295 933 Aut
318 879 580 934 immunda
602 887 815 953 crepent
837 879 1280 951 ignominiosaque
1306 878 1445 933 dicta
1458 899 1475 945 ;

135 966 146 977 ·
185 949 531 1004 offenduntur
555 952 705 1018 enim,
732 951 919 1022 quibus
944 957 1025 1006 est
1049 968 1212 1022 equus
1236 953 1290 1004 et
1314 952 1462 1030 pater
1485 952 1541 1003 et
1562 966 1662 1013 res,

186 1020 318 1087 Nec,
345 1020 389 1075 si
414 1019 538 1091 quid
561 1021 699 1077 fricti
722 1022 902 1078 ciceris
926 1020 1112 1093 probat
1136 1025 1190 1075 et
1215 1038 1364 1075 nucis
1385 1024 1605 1090 emptor,

185 1090 254 1145 AE
292 1091 372 1146 uis
396 1090 654 1161 accipiunt
678 1093 859 1148 animis
883 1091 1142 1147 donantve
1166 1108 1366 1148 corona.
1668 1088 1773 1144 250

190 1110 394 1232 Syllaba
415 1161 571 1234 longa
592 1162 734 1219 brevi
758 1162 988 1235 subjecta
1009 1167 1225 1218 vocatur
1246 1161 1461 1241 iambus3
1560 1229 1572 1242 ι

186 1231 290 1287 Pes
315 1233 483 1299 citus3
519 1230 657 1288 unde
681 1233 836 1289 etiam
860 1232 1111 1289 trimetris
1136 1249 1423 1289 accrescere
1441 1234 1602 1301 Jusslt

188 1301 396 1359 Nomen
417 1302 645 1370 iambeis,
672 1323 830 1375 quum
854 1322 1004 1359 senos
1029 1304 1270 1359 redderet
1291 1303 1429 1358 ictus

186 1373 394 1428 Primus
418 1374 483 1429 ad
507 1379 792 1430 extremum
816 1373 995 1429 similis
1021 1374 1134 1430 sibi.
1207 1374 1333 1429 Non
1355 1374 1429 1429 ita
1451 1371 1668 1445 pridem,

187 1443 405 1501 Tardior
429 1448 489 1499 ut
515 1445 684 1515 paullo
708 1445 1014 1528 graviorque
1037 1443 1236 1502 veniret
1261 1443 1326 1501 ad
1349 1461 1515 1512 aureS,

190 1515 458 1588 Spondeos
481 1516 689 1572 stabiles
715 1536 770 1571 m
787 1516 906 1587 jura
928 1521 1142 1589 paterna
1164 1515 1360 1588 recepit

189 1585 505 1642 Commodus
529 1593 583 1642 et
607 1587 822 1659 patiens,
850 1605 954 1642 non
978 1594 1038 1642 ut-
1063 1589 1126 1642 de
1152 1587 1273 1643 sede
1297 1585 1523 1642 secunda

191 1654 413 1711 Cederet
437 1661 529 1711 aut
552 1665 737 1729 quarta
759 1657 1033 1713 socialiter.
1105 1658 1212 1714 Hie
1235 1662 1290 1713 et
1314 1657 1369 1712 in
1392 1657 1520 1713 Acci

191 1725 470 1782 Nobilibus
493 1727 740 1784 trimetris
764 1733 975 1800 apparet
998 1746 1163 1795 rarus,
1188 1733 1241 1784 et
1264 1728 1403 1784 Enni

189 1796 259 1852 111
283 1816 484 1853 scenam
509 1798 694 1854 missos
718 1816 838 1854 cum
860 1818 1048 1871 magno
1071 1798 1296 1872 pondere
1319 1815 1518 1864 versus,
1677 1796 1780 1852 260

190 1868 303 1923 Aut
327 1886 495 1940 operae
518 1867 698 1925 celeris
722 1870 935 1924 nimium
959 1888 1185 1952 curaque
1208 1867 1446 1934 carentis,

194 1939 307 1993 Aut
329 1939 577 2008 ignoratae
635 1939 787 1994 remit
812 1941 937 1995 artis
961 1940 1174 1996 crimme
1198 1938 1354 2010 turpi.

195 2008 322 2064 Non
345 2008 511 2079 quivis
534 2010 586 2065 vi
622 2014 676 2065 et
699 2009 1036 2066 immodulata
1058 2013 1296 2082 poemata
1312 2007 1492 2079 judex,

173 2078 267 2134 ·Et
292 2078 413 2135 data
437 2080 684 2135 Romanis
706 2080 856 2136 venia
878 2084 958 2135 est
980 2080 1191 2151 indigna
1213 2080 1402 2151 poetiS.

193 2148 464 2205 Idcircone
488 2168 645 2222 vager
669 2150 987 2222 scribamque
1009 2149 1267 2205 licenter?
1305 2167 1371 2204 an
1395 2166 1571 2204 omnes

194 2219 416 2275 Visuros
440 2226 653 2293 peccata
674 2226 852 2294 putem
876 2238 1004 2286 mea,
1031 2224 1179 2276 tutus
1203 2222 1257 2275 et
1279 2219 1417 2275 intra

199 2290 236 2345 S
273 2307 355 2344 em
379 2291 541 2347 veniae
563 2292 788 2348 cautus?
848 2290 1030 2346 Vitavi
1053 2290 1275 2362 denique
1300 2289 1522 2362 culpam,

256 2379 322 2415 on
345 2360 547 2416 laudem
573 2362 752 2418 merui.
822 2361 935 2417 Vos
960 2360 1270 2433 exemplaria
1294 2362 1475 2417 Graeca

198 2430 473 2486 Nocturna
493 2439 696 2488 versate
721 2450 890 2497 manu,
915 2437 1118 2488 versate
1143 2431 1342 2486 diurna.

198 2504 276 2557 At
296 2502 458 2557 vestri
479 2502 658 2574 proavi
679 2502 951 2558 Plautinos
974 2507 1030 2558 et
1053 2519 1295 2557 numeros
1319 2505 1373 2557 et
1681 2500 1785 2561 270

197 2571 500 2627 Laudavere
525 2571 656 2627 sales
674 2596 689 2627 z
725 2573 939 2628 nimium
963 2573 1220 2646 patienter
1240 2576 1523 2645 utrumque

200 2642 287 2698 Ne
311 2642 478 2698 dicam
500 2641 679 2707 stulte,
704 2643 891 2707 mirati,
917 2642 964 2698 si
986 2643 1141 2698 modo
1165 2658 1263 2713 ego
1287 2646 1341 2696 et
1367 2661 1458 2699 vos

194 2713 403 2777 ,Scimus
427 2711 734 2768 inurbanum
756 2711 927 2785 lepido
949 2729 1197 2783 seponere
1221 2711 1378 2777 dicto.

255 2804 391 2847 Hon-
970 2798 1015 2837 Β·
