2031 2952
669 150 954 201 EPODON
983 151 1191 202 CARM.
1227 150 1310 208 1¹7.
1687 144 1787 205 123*

336 265 616 339 Injuriosis
643 267 816 322 aridus
840 268 1010 324 ventis
1037 268 1187 333 ferar,
1835 308 1884 335 ἢ,

336 337 489 393 Cales
514 338 724 393 venenis
750 339 950 394 officina
976 339 1246 394 Colchicis.

332 407 464 476 Quae
487 408 603 463 finis
627 414 719 464 aut
743 409 881 481 quod
905 429 987 465 me
1012 415 1187 464 manet
1212 406 1571 480 stipendium?

336 477 537 534 Effare:
568 482 744 550 jussas
770 498 887 535 cum
913 480 1013 534 fide
1040 498 1215 550 poenas
1239 479 1394 546 luam,

336 548 558 605 Paratus
583 550 804 621 expiare,
833 569 925 605 seu
949 551 1247 622 poposceris

338 619 562 675 Centum
582 620 850 692 juvencOS,
879 621 985 676 sive
1011 620 1241 676 mendaci
1264 620 1376 692 lyra

336 689 496 745 Voles
521 690 720 746 sonari:
758 696 822 746 tu
845 690 1047 762 pudica,
1075 695 1140 747 tu
1165 691 1324 762 proba
1725 688 1793 741 40

336 758 725 817 Pei-ambulabis
750 766 890 817 astra
913 761 1057 817 sidus
1082 780 1311 816 aureum.

337 828 551 886 Infamis
576 831 792 887 Helenae
817 833 1001 887 Castor
1026 832 1250 886 offensus
1275 831 1457 898 vicem,

336 898 622 972 Fraterque
645 902 817 973 magni
843 903 1088 969 CastoriS‚
1116 902 1238 957 victi
1263 920 1415 974 prece

338 970 596 1044 Adempta
618 972 724 1027 vati
748 972 1015 1028 reddidere
1042 973 1250 1027 lumina.

338 1038 408 1097 Et
430 1046 508 1108 tu,
535 1047 682 1113 potes
705 1062 839 1109 nam,
866 1043 1007 1098 solve
1034 1061 1114 1097 me
1140 1040 1411 1106 dementia,

338 1111 387 1167 O
411 1130 506 1168 nec
529 1113 756 1184 paternis
783 1113 1015 1168 obsoleta
1040 1113 1294 1178 sordibus,

336 1182 526 1254 Neque
549 1184 603 1237 in
628 1183 911 1254 sepulchris
938 1201 1217 1254 pauperum
1245 1179 1472 1254 prudens
1499 1198 1630 1238 anus

337 1252 689 1309 Novendiales
715 1252 962 1326 dissipare
987 1253 1241 1324 pulveres.

337 1322 455 1379 Tibi
478 1323 729 1394 hospitale
755 1330 934 1395 pectus
961 1329 1014 1379 et
1043 1341 1182 1394 purae
1206 1340 1403 1387 manus,

336 1392 583 1466 Tuusque
607 1401 788 1449 venter
811 1393 1160 1459 Pactumeius,
1186 1397 1239 1448 et
1264 1398 1360 1447 tuo
1723 1395 1793 1449 50

340 1464 534 1521 Oruore
556 1464 739 1521 rubros
765 1463 1022 1520 obstetrix
1045 1483 1239 1536 pannos
1264 1462 1406 1530 lavit,

339 1535 624 1607 Utcunque
648 1536 795 1591 fortis
820 1535 992 1590 exsilis
1018 1553 1282 1617 puerpera.

415 1608 535 1662 Can.
610 1604 748 1674 Quid
775 1605 1026 1661 obseratis
1052 1606 1261 1661 auribus
1287 1603 1460 1660 fundis
1485 1605 1709 1676 preces?

338 1676 466 1732 Non
489 1694 613 1731 saxa
635 1675 787 1731 nudis
808 1669 1235 1758 wamavitis
1357 1701 1384 1726 ι.
1567 1695 1574 1706 ,
1601 1699 1608 1712 e
1645 1707 1650 1716 ·
1703 1685 1708 1694 ·

339 1746 426 1802 Ne
465 1751 625 1802 tunus
650 1747 755 1801 alto
780 1743 955 1802 tund1t
979 1746 1222 1802 hibernus
1248 1745 1373 1813 sa10,

338 1816 404 1873 In
462 1823 550 1872 tus
575 1821 634 1872 ut
660 1821 721 1872 tu
745 1817 919 1873 riseris
945 1818 1185 1889 Cotyttia

336 1888 428 1942 Vu
484 1892 582 1951 ata,
611 1906 815 1944 sacrum
839 1888 984 1943 liberi
1009 1887 1296 1960 Cupidinis,

338 1956 412 2014 Et
484 1958 690 2029 squih‘ni
749 1959 947 2014 ontifex
970 1958 1186 2014 venefici
1223 1983 1227 1988 ·

341 2028 564 2108 Impune
588 2032 649 2083 ut
729 2028 872 2084 rbem
897 2030 1103 2084 nomine
1126 2026 1354 2098 impleris
1377 2027 1532 2083 meo?

343 2097 482 2162 de
505 2098 746 2180 proderat
772 2098 963 2154 ditasse
989 2098 1230 2169 Pelignas
1254 2116 1401 2164 anus,
1726 2098 1794 2153 60

348 2167 650 2223 Velociusve
673 2168 941 2224 miscuisse
964 2169 1237 2224 toxicum?

345 2236 448 2292 Sed
472 2238 697 2293 tardiora
719 2238 825 2293 fata
848 2243 902 2293 te
927 2240 1064 2300 votis
1090 2243 1327 2294 manent:

342 2305 561 2381 Ingrata
581 2308 767 2363 misero
793 2310 901 2363 vita
925 2308 1161 2364 ducenda
1183 2315 1262 2365 est
1289 2310 1343 2364 in
1366 2309 1480 2376 hoc,

342 2374 512 2432 Novis
538 2383 599 2432 ut
624 2397 787 2449 usque
814 2385 1062 2452 suppetas
1087 2378 1366 2435 laboribus,

346 2445 510 2516 Optat
573 2448 761 2503 uietem
785 2449 995 2521 Pelopis
1020 2448 1164 2503 infidi
1187 2459 1335 2521 pater

344 2512 520 2584 Egens
581 2518 780 2589 enignae
802 2519 1051 2574 Tantalus
1078 2537 1278 2591 semper
1302 2519 1466 2593 dapiS‚

347 2583 512 2651 Optat
535 2585 878 2643 Prometheus
902 2589 1160 2660 obligatus
1184 2590 1309 2657 aliti,

347 2650 513 2719 Optat
538 2671 777 2724 supremo
802 2658 1053 2714 collocare
1079 2658 1327 2732 Sisyphus

346 2716 417 2773 In
438 2726 616 2777 mont-e
639 2742 856 2795 saxum3
891 2727 987 2785 sed
1005 2734 1189 2786 vetant
1211 2732 1351 2804 leges
1374 2729 1409 2786 J
1410 2729 1538 2786 ovis.
