2031 2952
932 140 1228 197 Hom'm

762 356 769 361 ·
850 332 1165 389 CARMEN
1201 331 1313 390 111.

494 455 572 496 An
606 454 806 496 mvrm
841 435 954 505 om
988 452 1334 496 venenum
1368 453 1657 497 vmomos

730 526 983 568 numu
1023 527 1429 568 mommscnns.

424 615 519 673 Slo
543 619 596 673 te
621 616 738 673 diva
760 621 947 690 potens
973 618 1147 690 Cypri,

494 688 580 744 Sic
603 688 789 744 fratres
815 690 1047 754 Helenae‚
1074 687 1247 745 lueida
1270 681 1451 758 sidera,

422 757 817 841 Ventorumque
839 764 986 832 regat
1012 766 1161 832 pater

492 829 771 886 Obstrietis
796 831 908 886 aliis
932 836 1122 904 praeter
1144 831 1358 904 Iapyga,

420 900 602 966 NaviS‚
629 918 744 973 quoe
767 902 864 958 tibi
888 901 1144 958 creditum

491 970 665 1028 Debes
691 972 985 1045 Virgilium,
1009 973 1201 1029 finibus
1224 973 1416 1030 Attiois

425 1041 636 1098 Reddas
657 1042 980 1111 incolumem,
1045 1060 1207 1111 reoor,

491 1113 562 1169 Et
586 1131 758 1175 serves
783 1116 965 1171 animoe
1027 1116 1261 1171 imidium
1284 1132 1424 1173 meae.

418 1183 507 1239 Illi
529 1184 688 1240 robur
711 1189 764 1240 et
788 1206 857 1243 aes
883 1185 1073 1258 triplex

490 1255 643 1314 Circe
665 1260 850 1329 peetus
875 1262 1002 1324 erat,
1030 1257 1122 1331 qui
1143 1254 1378 1330 fragilem
1402 1255 1537 1314 truci

417 1326 682 1384 Commisit
705 1328 890 1403 pelago
913 1334 1081 1386 ratem

487 1398 693 1453 Primus
718 1419 814 1457 nee
837 1401 1013 1457 timuit
1039 1402 1357 1476 praeoipitem
1381 1398 1611 1458 Africum

414 1468 784 1528 Decertantem
808 1475 855 1529 A
893 1472 1153 1531 uilonibus

486 1540 604 1597 Nee
626 1542 807 1599 tristes
832 1493 890 1599 Iz‘i
927 1543 1050 1600 adas
1074 1563 1171 1603 nee
1192 1546 1384 1604 rabiem
1410 1543 1561 1613 Noti,

413 1611 532 1682 Quo
557 1630 664 1669 non
685 1614 879 1671 arbiter
992 1615 1116 1672 driae

487 1683 675 1757 Major,
701 1686 884 1743 tollere
906 1705 1000 1743 seu
1025 1705 1217 1761 ponere
1239 1687 1353 1745 vult
1377 1687 1526 1747 freta.

415 1754 581 1822 Quem
606 1758 787 1812 mortis
810 1758 987 1813 timuit
1010 1759 1246 1830 gradum,

484 1825 588 1895 Qui
612 1828 763 1884 sieeis
779 1841 799 1864 ⁰
824 1830 988 1885 oeulis
1011 1833 1247 1885 monstra
1269 1830 1516 1898 natantia,

412 1894 519 1966 Qui
542 1896 673 1954 vidit
697 1918 837 1956 mare
860 1900 1130 1972 turgidum
1152 1904 1207 1956 et

483 1968 713 2025 Infames
738 1971 983 2043 scopulos
1009 1972 1426 2029 Acroceraunia?

412 2037 775 2112 Nequioquam
795 2042 941 2097 Deus
965 2042 1188 2099 abscidit

481 2110 720 2168 Prudens
745 2113 956 2169 Oceano
982 2113 1294 2171 dissociabili

410 2180 611 2249 Terras,
637 2183 684 2238 si
705 2189 880 2239 tamen
903 2184 1075 2257 impiae

480 2252 606 2309 Non
630 2254 889 2326 tangenda
911 2261 1051 2312 rates
1073 2254 1374 2313 transiliunt
1396 2253 1542 2315 vada.

408 2321 597 2379 Audax
622 2327 794 2381 omnia
815 2328 1018 2398 perpeti

482 2395 623 2451 Gens
647 2395 872 2452 humana
893 2398 1000 2453 ruit
1025 2415 1120 2471 per
1141 2398 1364 2455 vetitum
1378 2400 1403 2434 ‘¹
1427 2398 1571 2456 nefas

407 2465 600 2521 Audax
623 2466 796 2538 Iapeti
854 2486 981 2524 enus

481 2536 666 2609 Ignem
690 2536 801 2592 frau
841 2557 869 2593 e
893 2540 1027 2595 mala
1051 2540 1294 2613 gentibus
1319 2540 1512 2598 intulit.

407 2605 539 2664 Post
564 2607 734 2678 ignem
760 2609 973 2665 aetheria
995 2610 1149 2667 domo
1401 2679 1412 2691 ²

482 2677 809 2737 Subduetum
833 2681 1022 2741 macies
1046 2684 1103 2741 et
1126 2698 1261 2740 nova
1284 2680 1505 2738 febrium

514 2774 533 2800 ⁰
555 2764 688 2813 teeti·
1314 2765 1340 2801 ⁸
1361 2767 1550 2813 vetitum
1566 2769 1614 2816 et

1802 1257 1878 1313 10

1693 1934 1872 2032 -ἑο

1794 2686 1872 2743 30
