2031 2952
623 133 1026 203 SATIRARUM
1057 151 1101 202 1.
1134 149 1183 211 7,
1215 155 1265 203 s.
1642 152 1742 203 149

150 269 271 327 Hoc
295 270 493 326 miserae
515 268 653 340 plebi
678 268 847 324 stabat
872 287 1140 324 commune
1166 267 1512 339 sepulchrum,
1671 265 1741 320 10

145 340 433 396 Pantolabo
457 358 644 395 scurrae
670 340 1100 412 Nomentanoque
1123 342 1319 411 nepoti.

147 411 296 466 Mille
321 411 478 484 pedes
503 411 556 466 in
583 411 765 475 fronte,
795 415 1055 465 trecentos
1081 411 1263 482 cippus
1289 410 1343 463 in
1367 428 1546 481 agrum

148 482 255 538 Hic
281 482 460 538 dabat:
501 481 733 536 Heredes
761 487 1145 536 monumentum
1174 500 1238 536 ne
1264 488 1578 551 sequeretur.

148 552 306 607 Nunc
330 552 451 607 licet
479 552 718 624 Esquiliis
746 551 973 607 habitare
1000 551 1290 606 salubribus
1316 561 1472 622 atque

146 624 193 677 A
236 642 355 693 gere
380 624 429 677 in
454 624 626 694 aprico
653 623 878 693 spatiari,
907 642 1010 695 quo
1035 622 1187 676 modo
1212 622 1387 677 tristes

147 695 196 748 A
221 693 296 748 bis
322 694 582 749 informem
610 693 910 764 spectabant
936 693 1141 748 ossibus
1167 712 1346 759 agrum
1368 715 1382 759 ;

149 763 325 823 Quum
352 764 475 819 mihi
497 783 598 819 non
624 770 824 820 tantum
852 765 1092 836 furesque
1119 764 1338 834 feraeque
1363 765 1525 818 suetae

147 833 310 890 Hunc
334 853 520 891 vexare
545 836 708 890 locum
736 854 871 890 curae
896 843 1019 889 sunt
1044 840 1198 907 atque
1224 834 1402 899 labori,

148 906 415 973 Quantum
438 906 746 961 carminibus
773 925 886 977 quae
911 912 1115 961 versant
1135 910 1290 976 atque
1316 902 1524 958 venenis

147 974 422 1032 Humanos
447 977 642 1032 animos
665 997 677 1041 ;
713 977 806 1031 has
831 975 975 1031 nullo
1002 975 1213 1045 perdere
1239 993 1447 1044 possum
1670 973 1739 1027 20

147 1046 265 1102 Nec
287 1046 557 1119 prohibere
584 1046 750 1112 mod0‚
778 1046 930 1101 simul
953 1065 1012 1101 ac
1037 1048 1168 1114 vaga
1191 1047 1315 1099 luna
1338 1044 1581 1099 decorum

147 1116 376 1173 Protulit
400 1136 476 1184 οε,
503 1119 625 1190 quin
651 1136 769 1172 ossa
792 1117 968 1187 legant
995 1116 1279 1186 herbasque
1303 1120 1567 1171 nocentes,

147 1187 274 1243 Vidi
298 1194 504 1260 egomet
530 1190 677 1259 nigra
701 1188 1013 1244 succinctam
1042 1186 1225 1241 vadere
1252 1185 1384 1252 palla

149 1258 411 1314 Canidiam
437 1259 653 1330 pedibus
678 1259 831 1313 nudis
855 1276 1110 1329 passoque
1136 1256 1335 1328 capi110‚

149 1328 281 1384 Cum
309 1330 345 1385 S
413 1349 510 1385 ana
533 1330 725 1399 majore
751 1328 1063 1384 ululantem}
1104 1328 1266 1398 pallor
1290 1332 1535 1399 utrasque

147 1349 667 1455 Feceraffiorrendas
692 1398 956 1481 adspectu.
1039 1397 1275 1467 Scalpere
1300 1402 1490 1453 terram

147 1470 430 1542 Unguibus
455 1476 508 1526 et
534 1470 722 1541 pullam
746 1469 988 1525 divellere
1018 1468 1273 1525 mordicus
1299 1488 1485 1538 agnam

149 1542 464 1612 Coeperunt3
500 1559 651 1596 cruor
672 1541 727 1594 in
749 1541 938 1595 fossam
962 1542 1225 1606 confusu8‚
1251 1545 1312 1595 ut
1334 1540 1455 1596 inde

148 1612 335 1667 Manes
360 1612 618 1676 elicerent,
646 1612 838 1667 animas
864 1630 1111 1684 responsa
1134 1610 1359 1666 daturas.

147 1683 326 1739 Lanea
349 1687 402 1738 et
428 1684 622 1753 effigies
647 1688 772 1747 erat,
802 1682 963 1738 altera
988 1701 1162 1747 cerea;
1201 1682 1364 1752 major
1667 1681 1736 1738 30

148 1754 341 1820 Lanea,
369 1773 481 1825 quae
509 1754 668 1825 poenis
695 1760 1043 1825 compesceret
1068 1752 1374 1807 inferiorem.

150 1824 313 1890 Cerea
335 1824 640 1896 suppliciter
660 1824 847 1890 stabat,
873 1823 1143 1879 servilibus
1167 1829 1228 1877 ut
1287 1841 1367 1878 uae

150 1895 267 1950 Jam
291 1895 522 1967 peritura
544 1894 725 1950 modis,
801 1896 1041 1950 Hecaten
1063 1901 1214 1949 vocat
1239 1912 1267 1947 a
1288 1901 1415 1960 tera,
1443 1911 1630 1950 saevam

148 1964 333 2021 Altera
355 1966 687 2036 Tisiphonen.
761 1966 1039 2037 Serpentes
1065 1968 1221 2036 atque
1246 1963 1450 2020 videres

150 2036 388 2092 Infernas
413 2055 581 2091 errare
607 2054 773 2100 canem,
797 2034 1073 2107 lunamque
1096 2034 1383 2100 rubentem,

150 2107 237 2162 Ne
263 2108 394 2162 soret
417 2106 497 2161 his
522 2108 689 2171 testis»,
714 2111 834 2178 post
860 2124 1045 2176 magna
1067 2106 1227 2160 latere
1251 2103 1535 2174 sepulchra.

149 2176 384 2233 Mentior
407 2185 459 2232 at
487 2178 531 2232 si
555 2177 694 2249 quid,
720 2175 911 2230 merdis
935 2183 1091 2247 caput
1110 2174 1348 2245 inquiner
1371 2174 1500 2229 albis

152 2248 454 2313 Corvorum,
482 2255 534 2303 at
573 2266 638 2302 ue
661 2248 714 2301 in
739 2266 820 2301 me
846 2248 1019 2301 veniat
1046 2245 1259 2299 mictum
1283 2251 1439 2316 atque
1464 2246 1701 2300 cacatum
1803 2265 1810 2273 ·

151 2317 323 2374 Julius
345 2323 400 2373 et
423 2319 553 2390 frag’
580 2318 621 2373 ‘s
646 2316 878 2373 Pediatia
902 2317 1086 2385 furque
1109 2315 1365 2371 Voranus.

153 2388 206 2443 Si
337 2407 368 2443 a
381 2388 505 2460 quid
521 2407 795 2443 memorem
814 2389 837 2443 Ρ
871 2406 974 2458 quo
990 2391 1142 2458 pacto
1161 2387 1360 2441 alterna
1374 2385 1647 2457 loquentes
1666 2385 1736 2440 40

152 2458 256 2513 Um
295 2478 363 2514 rae
388 2477 503 2513 cum
532 2459 733 2530 Sagana
755 2463 1055 2513 resonarent
1078 2456 1228 2511 triste
1253 2461 1307 2511 et
1331 2465 1556 2524 acutum,

152 2529 230 2584 Ut
266 2548 332 2583 ue
356 2528 468 2600 lupi
493 2528 699 2584 barbam
726 2529 880 2583 variae
904 2546 1021 2583 cum
1048 2526 1202 2581 dente
1226 2526 1447 2583 colubrae

152 2597 235 2656 Ab
277 2599 461 2655 'derint
485 2600 662 2653 furtim
689 2599 858 2665 terriS‚
884 2605 937 2654 et
958 2598 1182 2669 imagine
1204 2616 1353 2653 cerea

151 2669 371 2741 Largior
395 2670 579 2724 arserit
602 2669 754 2739 ignis,
780 2677 834 2723 et
858 2674 918 2723 ut
942 2686 1049 2722 non
1070 2670 1221 2723 testis
1244 2669 1444 2726 inultus

152 2738 460 2798 Horruerim
485 2758 637 2796 voces
662 2738 935 2795 Furiarum
958 2744 1011 2795 et
1036 2739 1172 2796 facta
1195 2738 1429 2799 duarum.
