2031 2952
796 150 927 207 Ans
960 150 1272 206 POETIOA.
1739 149 1837 202 235

242 271 483 347 Denique
508 274 575 329 sit
602 271 804 345 quidvis
830 267 1050 344 simplex
1076 271 1344 327 dumtaxat
1370 272 1423 324 et
1450 284 1626 323 unum.
1650 336 1660 348 ·

241 345 475 400 Maxima
498 363 618 416 pars
642 348 835 410 vatum,
861 350 1009 415 pater
1035 347 1088 398 et
1107 343 1323 414 juvenes
1385 344 1495 396 atre
1522 337 1680 409 digni,

242 415 546 486 Decipimur
571 416 744 487 specie
769 414 931 470 rectit
970 413 1141 469 brevis
1166 430 1280 469 esse
1304 412 1356 467 la
1391 429 1499 480 oro,

243 486 511 542 Obscurus
535 486 636 553 fio3
674 488 960 541 sectantem
985 484 1120 540 levia
1141 485 1288 540 nervi

244 557 506 619 Deficiunt
530 556 819 628 animique3
858 556 1140 628 professus
1181 553 1359 612 randia
1381 552 1593 625 turgeu

153 669 161 677 .
240 628 420 700 'Serpit
444 627 589 682 humi
607 631 761 682 tutus
785 627 1001 681 nimium
1025 626 1138 681 timi
1176 643 1339 699 usque
1363 620 1603 698 procellae

143 722 148 728 ·
242 698 349 779 Qui
371 698 568 754 variare
592 698 736 767 cupit
760 712 867 753 rem
892 696 1042 769 prodi
1081 696 1247 752 ialiter
1269 713 1442 763 unam,

243 768 559 839 Delphinum
585 769 728 824 silvis
751 780 784 823 a
819 769 1002 840 pingit,
1068 767 1275 823 uctibus
1299 782 1498 839 aprum.
1776 766 1852 823 30*

245 840 314 894 Iu
336 840 519 894 vitium
546 838 691 894 ducit
716 856 745 895 c
802 852 881 908 ‘pm
906 841 1046 910 fuga,
1073 840 1117 909 si
1141 841 1284 894 caret
1309 842 1436 892 arte.
1513 906 1517 911 Ι

246 910 518 965 AEmilium
542 910 678 965 circa
700 910 880 964 ludum
905 910 1047 965 faber
1070 922 1206 964 unus
1232 912 1286 964 et
1309 924 1377 963 un
1419 924 1511 964 ues

247 980 519 1052 Exprimet
543 985 597 1035 et
621 980 801 1035 molles
824 979 1116 1035 imitabitur
1140 994 1238 1035 aere
1264 979 1372 1052 cap'
1417 996 1506 1047 os;

247 1051 442 1106 Infelix
464 1052 633 1122 operis
658 1066 873 1118 summa,
902 1052 1025 1122 quia
1048 1062 1237 1122 ponere
1261 1054 1433 1106 totum
1470 1065 1486 1076 ·

246 1121 481 1177 Nesciet.
558 1123 718 1176 Hunc
741 1139 770 1175 e
809 1139 841 1176 o
866 1138 963 1187 me,
993 1122 1039 1176 si
1064 1121 1189 1193 quid
1212 1134 1520 1193 componere
1547 1131 1741 1187 curem,

248 1192 376 1248 Non
523 1191 563 1246 's
588 1208 702 1247 esse
726 1140 882 1246 veffim
941 1204 1061 1246 uam
1084 1208 1211 1268 naso
1235 1192 1409 1248 vivere
1434 1208 1610 1265 pravo,

252 1209 605 1335 Specffium
627 1263 790 1343 nigris
815 1280 912 1318 ocu
939 1263 949 1274 ⁰
1002 1262 1256 1335 nigroque
1280 1260 1480 1334 capiHO.

253 1333 451 1388 Sumite
475 1336 741 1388 materiam
763 1333 967 1398 vestris,
995 1337 1086 1404 qui
1110 1333 1349 1399 scribitis,
1377 1346 1575 1406 aequam

249 1404 466 1459 Viribus
490 1407 545 1458 et
569 1406 772 1458 versate
796 1403 901 1470 diu,
964 1403 1056 1458 uid
1081 1404 1212 1460 ferre
1236 1410 1494 1471 recusent,
1803 1437 1806 1440 ·

252 1474 391 1542 Quid
415 1474 619 1531 valeant
642 1474 858 1531 humeri.
977 1474 1036 1529 ui
1058 1475 1194 1547 lecta
1215 1480 1458 1549 potenter
1483 1474 1582 1533 erit
1607 1491 1707 1543 ree,
1783 1475 1816 1530 4

251 1547 368 1603 Nec
393 1545 633 1602 facundia
657 1545 861 1601 deseret
885 1545 1023 1602 hunc
1048 1563 1145 1603 nec
1167 1546 1369 1603 lucidus
1394 1545 1536 1603 ordo,

253 1616 462 1672 Ordinis
490 1617 598 1672 haec
621 1616 789 1672 virtus
813 1617 914 1672 erit
937 1619 992 1672 et
1015 1618 1215 1684 Venus„
1242 1622 1332 1674 aut
1357 1637 1384 1674 e
1423 1635 1452 1674 o
1478 1615 1624 1675 fallor

254 1688 334 1742 Ut
352 1687 462 1759 jam
486 1705 625 1743 nunc
651 1687 787 1742 dieat
807 1687 913 1759 jam
938 1703 1077 1744 nunc
1103 1687 1344 1745 debentia
1406 1690 1484 1756 ici,

253 1758 510 1829 Pleraque
535 1758 739 1813 differat
762 1764 816 1813 et
839 1773 1066 1830 praesens
1091 1761 1147 1814 in
1168 1764 1375 1833 tempus
1400 1759 1606 1815 omittat
1628 1779 1643 1826 3

255 1829 377 1884 Hoc
400 1833 554 1894 amet,
582 1828 681 1884 hoc
704 1835 914 1899 spernat
939 1830 1181 1900 promissi
1204 1830 1440 1887 carminis
1467 1833 1662 1887 auctor.

258 1901 323 1954 In
347 1899 516 1955 verbis
541 1899 695 1955 etiam
720 1900 894 1955 tenuis
920 1905 1205 1983 cautusque
1229 1902 1477 1968 serendis,

257 1970 468 2025 Dixeris
492 1970 714 2051 egregie,
740 1977 923 2025 notum
949 1972 994 2026 si
1020 1972 1200 2026 callida
1224 1973 1440 2028 verbum

258 2040 566 2096 Reddident
584 2041 835 2113 junctura
857 2055 1065 2097 novum.
1140 2042 1197 2096 Si
1219 2043 1354 2097 forte
1377 2057 1590 2099 necesse
1616 2041 1697 2097 est

259 2111 475 2166 Iudiciis
501 2117 786 2166 monstrare
809 2113 1103 2168 recentibus
1129 2111 1303 2168 abdita
1326 2129 1513 2179 rerum,

262 2182 484 2253 Fingere
509 2182 757 2237 cinctutis
781 2200 888 2236 non
911 2181 1155 2237 exaudita
1179 2184 1427 2256 Cethegis
1793 2181 1860 2237 50

261 2252 561 2323 Continget,
588 2251 896 2323 dabiturque
920 2252 1129 2308 licentia
1152 2259 1360 2328 sumpta
1383 2252 1651 2327 pudenter.

262 2323 337 2378 Et
361 2341 498 2379 nova
519 2324 743 2395 fictaque
768 2337 935 2396 nuper
958 2322 1222 2381 habebunt
1245 2325 1402 2382 verba
1424 2325 1594 2391 fidem,
1620 2321 1667 2381 si

265 2395 444 2449 Graeeo
469 2393 615 2450 fonte
639 2393 842 2460 cadent,
868 2409 1020 2465 parce
1045 2393 1262 2453 detorta.
1336 2395 1476 2468 Quid
1501 2400 1674 2451 autem

265 2464 473 2520 Coecih‘o
496 2465 787 2537 Plautoque
812 2464 956 2521 dabit
979 2465 1250 2524 Romanus
1276 2465 1576 2541 ademptum

263 2534 488 2608 Virgilio
514 2535 813 2607 Varioque?
884 2536 1001 2607 Ego
1027 2554 1136 2604 cur,
1163 2540 1424 2612 acquirere
1449 2556 1614 2611 pauca

270 2608 326 2662 Si
351 2624 578 2679 possum,
604 2605 852 2673 invideor,
880 2625 1041 2678 quum
1064 2607 1243 2682 lingua
1265 2611 1480 2667 Catonis
1505 2615 1559 2668 et
1584 2605 1725 2669 Enni

268 2680 564 2735 Sermonem
591 2675 818 2748 patrium
843 2678 1086 2735 ditaverit
1107 2689 1163 2737 et
1186 2700 1320 2739 nova
1342 2700 1512 2740 rerum

268 2748 497 2811 Nomina
519 2745 833 2823 protulerit?
904 2749 1085 2812 Licuit
1109 2769 1412 2834 semperque
1427 2751 1613 2820 iicebit
