2031 2952
271 143 338 199 68
921 140 1217 191 HORATII

414 259 540 317 Non
561 277 661 332 ego
683 260 782 315 hoc
805 258 991 313 ferrern
1015 254 1211 312 calidus
1231 255 1449 328 juventa

553 330 782 387 Consule
804 330 1015 385 Plance.

616 505 931 567 CARMEN
968 508 1228 565 XV.—1N
1266 523 1527 564 cruorum.

418 607 587 664 UXOR.
609 608 849 677 pauperis
872 606 1036 676 Ibyci,

491 679 720 735 Tandem
745 697 808 732 ne
844 677 987 732 uitiae
1010 677 1111 749 fige
1137 675 1344 731 modum
1370 680 1474 732 tuae

420 750 755 821 Famosisque
778 748 829 803 la
864 747 1070 803 oribus:

495 820 709 874 Maturo
733 819 943 892 propior
966 817 1142 873 desine
1168 816 1338 873 funeri

421 891 573 947 Inter
596 889 774 944 ludere
798 889 1025 961 virgines

496 962 567 1016 Et
592 960 753 1016 stellis
776 960 1011 1014 nebulam
1039 978 1282 1032 spargere
1307 959 1553 1017 candidis.

427 1034 553 1090 Non
579 1032 623 1088 si
647 1031 771 1103 quid
794 1030 1026 1085 Pholoen
1052 1032 1178 1086 satis

497 1104 571 1159 Et
596 1109 665 1169 te,
694 1101 887 1167 Chlori,
916 1101 1095 1157 decet:
1135 1103 1239 1159 filia
1261 1104 1455 1160 rectius

430 1174 581 1240 Expu
658 1176 711 1227 at
731 1174 977 1243 juvenum
1006 1173 1202 1241 domOS,

503 1246 585 1300 Pu
606 1263 663 1298 so
687 1244 875 1314 Thyias
899 1245 979 1299 uti
1003 1244 1209 1301 concita
1230 1249 1489 1319 tympana

432 1316 582 1373 Illam
609 1315 749 1387 cogit
774 1335 914 1371 amor
940 1315 1107 1370 Nothi
1287 1338 1297 1345 ·

506 1386 734 1441 Lascivae
759 1386 973 1442 similem
1000 1386 1179 1443 ludere
1204 1406 1427 1460 capreae:

440 1457 514 1514 're
539 1457 666 1512 lanae
692 1475 850 1530 prope
874 1456 1097 1514 nobilem

507 1529 691 1584 Tonsae
712 1529 1003 1595 Luceriam,
1032 1548 1136 1584 non
1161 1530 1385 1597 citharae,
1414 1529 1598 1586 decent

439 1599 556 1656 Nec
579 1599 673 1654 flos
697 1618 989 1670 purpureus
1015 1618 1146 1655 rosae

512 1670 628 1726 Nec
653 1670 766 1742 poti
790 1668 1012 1724 vetulam
1042 1670 1165 1726 faece
1189 1675 1344 1726 tenus
1369 1670 1497 1725 cadi.

566 1860 877 1918 CARMEN
918 1862 1220 1917 XVI.—An
1256 1875 1637 1916 monumen.

446 1956 739 2013 INCLUSAM
764 1958 981 2013 Danaeia
1003 1958 1164 2013 turris
1189 1963 1348 2013 aenea

447 2027 799 2100 Robustaeque
826 2029 960 2083 fores
985 2034 1039 2083 et
1064 2028 1281 2100 vigilum
1308 2046 1491 2083 canum

447 2097 647 2153 Tristes
672 2098 902 2155 excubiae
925 2099 1216 2153 munierant
1242 2099 1368 2154 satis

595 2169 883 2223 Nocturnis
909 2169 972 2223 ab
998 2168 1260 2234 adulteri8‚

454 2238 510 2294 Si
533 2257 639 2293 non
663 2239 921 2295 Acrisium
947 2240 1159 2295 viroeinis
1183 2239 1371 2294 abditae

457 2309 737 2364 Custodem
762 2309 1000 2380 pavidum
1025 2286 1240 2380 ffupiter
1264 2317 1319 2365 et
1343 2309 1525 2364 Venus

454 2379 743 2435 Risissent:
781 2380 893 2435 fore
918 2380 1054 2435 enim
1078 2385 1255 2435 tutum
1279 2381 1381 2435 iter
1406 2387 1459 2435 et
1487 2382 1682 2452 patens'

600 2450 866 2505 Converso
889 2451 945 2505 in
968 2451 1190 2518 pretium
1214 2451 1343 2506 Deo,

463 2521 660 2574 Aurum
688 2539 779 2589 per
802 2521 998 2575 medios
1021 2521 1097 2576 ire
1122 2521 1374 2577 satellites

461 2589 533 2644 Et
558 2607 886 2662 perrumpere
911 2599 1049 2646 amat
1074 2610 1200 2647 saxa
1223 2593 1489 2662 potentius

463 2659 586 2715 Ictu
610 2659 882 2717 fulmineo:
920 2661 1148 2717 concidit
1173 2664 1385 2735 auguris

602 2731 785 2801 Argivi
809 2730 990 2787 domus
1017 2732 1083 2788 ob
1107 2732 1310 2789 lucrum

1879 2594 1954 2648 10
