2031 2952
636 125 1041 177 SATIRARUM
1075 126 1147 175 11.
1181 128 1230 176 3.
1625 123 1725 176 165

116 245 235 301 Ant
259 242 362 300 alio
384 242 572 299 mentis
595 241 776 298 morbo
800 241 964 309 ealet;
1002 241 1107 297 huc
1167 239 1343 312 ropius
1371 260 1469 309 me,
1652 241 1721 296 80

115 314 265 370 Dum
290 315 450 370 doceo
472 313 695 369 insanire
719 330 914 379 omne3‚
944 329 1037 367 vos
1064 330 1124 367 or
1162 311 1173 322 '
1214 329 1242 366 e
1268 311 1421 368 adite.

114 384 310 440 Danda
330 387 414 441 est
437 383 683 440 hellebori
706 383 868 438 multo
896 401 1012 453 pars
1039 382 1260 437 maxima
1284 382 1481 450 avaris3

4 474 5 479 ¹
116 454 319 510 Nescio
342 474 410 510 an
432 455 731 527 Anticyram
757 453 889 509 ratio
915 453 1015 508 illis
1042 452 1265 508 destinet
1291 470 1510 510 omnem.

115 525 358 581 Heredes
385 525 589 581 Staberi
613 543 860 580 summam
888 523 1117 579 incidere
1142 523 1440 593 sepulchro:

28 649 35 657 ,
114 595 193 651 Ni
217 595 293 651 sic
320 596 576 662 fecissent,
605 595 945 668 gladiatorum
974 593 1097 649 dare
1123 599 1332 649 centum

114 662 365 722 Damnati
388 666 580 738 populo
604 666 746 738 paria
770 671 926 737 atque
954 664 1166 737 epulum
1192 664 1402 720 arbitrio
1430 664 1569 731 Arri,

114 736 387 792 Frumenti
449 742 665 792 uantum
692 737 839 792 metit
870 735 1063 791 Africa.
1141 739 1175 763 “
1192 736 1311 790 Sive
1335 752 1433 807 ego
1460 753 1633 805 prave,

116 807 224 862 Seu
245 756 528 874 recte,(lioc
551 806 722 873 volui;
764 826 826 863 ne
857 807 927 862 sis
952 811 1171 878 patruus
1197 806 1371 860 mihi.”
1449 810 1464 833 ‘
1481 805 1650 861 Credo

114 878 240 934 Hoc
266 877 469 933 Staberi
492 877 800 950 prudentem
830 879 1053 933 animum
1080 876 1304 931 vidisse.’
1378 875 1548 944 ‘Quid
1571 893 1697 947 ergo

115 948 306 1014 Sensit,
334 967 492 1021 quum
517 967 767 1003 summam
795 947 1076 1017 patrimoni
1101 947 1389 1018 insculpere
1415 963 1540 1000 saxo
1649 947 1719 1001 90

113 1018 352 1075 Heredes
376 1019 542 1075 voluit
560 1020 600 1075 P'
644 1024 659 1048 ‘
674 1018 859 1087 Quoad
888 1017 1033 1082 vixit,
1062 1016 1278 1072 credidit
1301 1017 1482 1087 ingens

113 1087 421 1162 Pauperiem
445 1089 628 1144 vitium
657 1094 710 1145 et
738 1090 875 1144 cavit
903 1088 1031 1142 nihil
1057 1088 1240 1153 acrius,
1268 1091 1344 1152 ut,
1371 1087 1418 1141 si

112 1159 272 1216 Forte
297 1161 467 1215 minus
491 1159 719 1230 locuples
748 1176 852 1214 uno
883 1158 1169 1230 quadrante
1193 1158 1429 1229 perisset,

112 1230 145 1285 I
178 1298 179 1301 Ἴ
262 1230 524 1286 videretur
548 1230 646 1285 sibi
673 1230 923 1310 nequior:
964 1228 1129 1283 omnis
1155 1228 1288 1283 enim
1312 1246 1413 1292 res,

112 1247 315 1366 ἄξω,
341 1301 489 1366 fama,
518 1300 691 1366 decus,
724 1300 896 1354 divina
924 1299 1248 1370 humanaque
1274 1298 1499 1379 pulchris

0 1386 1 1457 ζ
111 1367 329 1428 Divitiis
354 1375 569 1443 parent;
611 1389 737 1452 quas
765 1370 854 1442 qui
886 1368 1249 1434 construxerit,
1275 1369 1360 1424 ule

112 1440 295 1499 Clarus
314 1442 428 1509 erit,
448 1440 615 1509 fortis»,
635 1441 852 1514 justus?
899 1445 914 1468 ‘
931 1439 1210 1511 Sapiensne
1224 1440 1265 1495 P'
1307 1445 1322 1469 ‘
1335 1439 1525 1508 Etiam,
1548 1443 1601 1497 et
1620 1459 1715 1498 rex

109 1512 182 1569 Et
206 1512 455 1586 quidquid
478 1513 632 1568 volet.
714 1513 852 1579 Hoc,
883 1511 1044 1567 veluti
1070 1511 1263 1566 virtute
1286 1517 1541 1581 paratum,

111 1584 349 1655 Speravit
376 1602 573 1655 magnae
599 1582 740 1638 laudi
770 1582 896 1638 fore.
974 1580 1116 1651 Quid
1139 1581 1300 1637 simile
1324 1581 1415 1637 isti

109 1655 320 1710 Graecus
341 1654 684 1726 Aristippus?
727 1652 816 1727 qui
845 1671 1021 1708 servos
1046 1652 1295 1733 projicere
1319 1670 1503 1708 aurum
1604 1653 1710 1708 100

108 1725 178 1780 In
201 1725 366 1781 media
383 1726 540 1797 jussit
568 1724 749 1796 Libya,
820 1726 907 1778 ula
931 1723 1130 1778 tardius
1154 1723 1292 1778 irent

108 1796 212 1850 Pro
248 1801 332 1851 ter
355 1815 486 1852 onus
515 1815 569 1852 se
642 1815 714 1852 es.
855 1809 932 1850 ter
958 1800 1039 1849 est
1064 1794 1290 1848 insanior
1313 1793 1498 1848 horum
1514 1793 1564 1848 P’

111 1867 211 1949 ‘N‘
260 1867 369 1950 agit
395 1886 580 1949 exemp
600 1886 702 1945 um,
737 1865 881 1920 litem
908 1867 1045 1936 quod
1071 1864 1161 1919 lite
1185 1864 1430 1944 resoluit?

111 1938 196 1992 ‘Sl
219 1958 334 2011 quis
360 1944 495 1995 emat
522 1947 761 2002 citharae,
796 1946 995 2007 emptas
1022 1939 1389 2015 comportet-m
1410 1951 1591 1999 unum,

0 2025 3 2068 ἓ
107 2008 224 2064 Nec
247 2010 422 2065 studio
448 2009 657 2066 citharae
684 2027 781 2063 nec
813 2008 980 2062 Musae
1007 2005 1211 2061 deditus
1234 2003 1327 2059 ulh
1349 2024 1365 2068 ;

0 2095 1 2100 ’
109 2080 164 2134 Si
186 2081 387 2152 scalpra
409 2085 464 2136 et
489 2082 676 2136 formas
705 2098 811 2134 non
838 2083 999 2142 sutor,
1030 2076 1241 2131 nautica
1262 2073 1379 2130 vela

109 2154 335 2208 Aversus
360 2151 677 2216 mercaturis,
710 2149 903 2204 delirus
931 2153 985 2202 et
1012 2165 1185 2201 amens

108 2220 348 2296 Undique
372 2223 573 2279 dicatur
598 2220 795 2276 merito.
874 2218 975 2288 Qui
1004 2217 1261 2286 discrepat
1284 2214 1418 2296 istis,

109 2294 210 2364 Qui
230 2312 465 2349 nummos
491 2309 772 2364 aurumque
799 2286 1052 2353 recondit,
1081 2288 1285 2342 nescius
1309 2290 1392 2341 uti
1674 2347 1680 2358 ,

110 2365 411 2436 Compositis
437 2369 774 2435 metuensque
800 2361 945 2417 velut
974 2358 1275 2429 contingere
1300 2354 1540 2411 sacrum?
1604 2354 1709 2410 110

110 2435 163 2490 Si
185 2435 297 2506 quis
321 2434 389 2490 ad
411 2434 677 2504 ingentem
703 2430 950 2486 frumenti
978 2447 1180 2501 semper
1204 2445 1440 2482 acervum

112 2504 386 2562 Porrectus
410 2505 590 2576 vigilet
615 2522 734 2559 cum
756 2501 913 2574 longo
941 2501 1094 2566 fuste,
1121 2516 1288 2570 neque
1312 2496 1454 2552 illine

113 2575 312 2632 Audeat
337 2576 569 2631 esuriens
596 2573 832 2629 dominus
857 2571 1157 2641 contingere
1182 2587 1417 2651 granum,

0 2689 3 2704 2
114 2647 190 2703 Ac
209 2646 383 2717 potius
408 2645 543 2700 soliis
567 2661 754 2715 parcus
777 2646 1019 2698 vescatur
1043 2658 1261 2708 amans;

114 2717 170 2773 Si
191 2716 376 2790 positis
400 2716 544 2773 intus
567 2714 687 2772 chii
708 2713 1000 2785 veterisque
1024 2710 1232 2814 Falerni
