2031 2952
938 148 1232 200 HORATH

427 267 568 336 Ergo
592 263 900 335 Quintilium
924 267 1205 336 perpetuus
1230 280 1385 332 sopor

428 337 627 408 Urget!
668 335 752 390 cui
774 335 949 389 Pudor
975 338 1029 388 et-
1054 335 1088 388 J
1091 333 1282 388 ustitiae
1308 351 1455 388 soror
1542 343 1562 355 ·

425 404 737 476 Incorrupta
757 404 912 460 Fides
937 403 1176 475 nudaque
1200 404 1409 458 Veritas

496 475 714 546 Quando
738 475 899 530 ullum
924 475 1150 530 inveniet
1166 484 1190 506 ¹²
1213 476 1426 546 parem?

427 547 614 603 Multis
641 546 726 601 ille
750 546 898 601 bonis
920 545 1104 600 flebilis
1132 545 1337 611 occidit,

431 617 580 673 Nulli
601 617 817 672 flebilior
842 635 994 687 quam
1017 615 1130 680 tibi,
1157 615 1360 687 Virgili;

429 689 510 744 Tu
531 689 727 742 frustra
749 686 865 758 pius
890 688 994 742 heu
1014 705 1121 740 non
1144 686 1218 740 ita
1241 685 1491 741 creditum

500 759 678 813 Poscis
703 757 1014 827 Quintilium
1038 756 1197 811 Deos.

426 829 584 899 Quod
608 829 651 884 si
675 828 910 884 Threicio
935 826 1173 882 blandius
1200 825 1411 896 Orpheo

429 900 680 956 Auditam
704 898 969 954 moderere
994 896 1265 952 arboribus
1290 896 1458 976 fldem,

387 1021 398 1037 ,
427 973 551 1026 Non
571 989 714 1026 vanae
740 969 914 1024 redeat
938 987 1032 1023 san
1070 967 1149 1022 uis
1175 967 1401 1037 imagim,

502 1043 665 1107 Quam
690 1042 836 1113 virga
859 1038 1019 1094 semel
1078 1037 1261 1105 orrida,

430 1113 482 1165 N
483 1130 552 1166 on
574 1111 703 1167 lenis
728 1110 966 1182 precibus
991 1110 1101 1164 fata
1123 1107 1401 1172 recludere,

430 1183 595 1252 Nigro
620 1181 927 1253 compulerit
951 1179 1244 1235 Mercurius
1270 1180 1432 1250 gregi.

429 1252 665 1308 Durum:
705 1251 794 1306 sed
818 1251 983 1306 levius
1006 1251 1067 1306 fit
1092 1250 1359 1322 patientia,

504 1322 769 1395 Quidquid
793 1323 1052 1393 corrigere
1078 1326 1159 1376 est
1185 1322 1349 1376 nefas.

621 1473 932 1531 GARMEN
966 1471 1287 1529 xxv—An
1325 1484 1554 1523 LYDJAM.

436 1599 681 1654 PARcms
702 1595 907 1667 junctas
934 1592 1175 1664 quatiunt
1200 1590 1453 1644 fenestras

436 1670 636 1725 Ictibus
663 1666 854 1722 crebris
873 1665 1091 1736 juvenes
1117 1660 1357 1733 protervi,

437 1741 553 1796 Nec
579 1737 674 1793 tibi
700 1754 904 1792 somnos
929 1734 1179 1799 adimunt,
1207 1735 1445 1801 amatque

579 1809 614 1863 J
616 1824 749 1863 anua
772 1808 941 1872 limen,
1267 1839 1272 1844 -

439 1881 572 1939 Quae
597 1880 737 1950 prius
762 1877 981 1932 multum
1007 1873 1170 1929 facilis
1195 1869 1435 1927 movebat

440 1949 705 2006 Cardines.
780 1947 948 2004 Audis
973 1948 1143 2000 minus
1169 1955 1224 1999 et
1248 1942 1417 1996 minus
1437 1939 1572 2012 jam:

442 2027 474 2051 “
490 2022 582 2077 Me
608 2026 701 2076 tuo
727 2019 910 2091 longas
937 2023 1187 2098 pereunte
1216 2016 1410 2078 noctes,

581 2092 768 2163 Lydia,
798 2090 989 2156 dormis
1008 2089 1074 2143 ?'’
1395 2123 1404 2130 -

441 2162 672 2218 Invicem
699 2161 922 2216 moechos
949 2176 1079 2212 anus
1106 2156 1405 2227 arrogantes

441 2233 613 2288 Flebis
636 2233 691 2286 in
717 2231 826 2286 solo
850 2229 978 2285 levis
1004 2229 1294 2299 angiportu,

443 2303 659 2357 Thracio
687 2302 965 2357 bacchante
990 2300 1152 2369 magis
1178 2297 1273 2352 sub
1298 2296 1455 2350 inter-

586 2372 728 2426 lunia
752 2375 937 2437 vent03

447 2441 622 2509 Quum
647 2441 745 2496 tibi
767 2441 990 2509 flagrans
1018 2456 1158 2492 amor
1183 2440 1236 2491 et
1260 2434 1437 2498 libido,

448 2510 578 2579 Quae
603 2511 734 2566 solet
761 2518 947 2563 matres
974 2509 1163 2562 furiare
1190 2524 1459 2575 equorum,

452 2582 640 2635 Saeviet
666 2581 801 2634 circa
820 2580 967 2650 jecur
993 2577 1298 2639 ulcerosum,

529 2651 657 2706 Non
679 2650 788 2703 sine
812 2654 1018 2719 questu,

982 2756 1002 2775 u
1028 2744 1252 2786 invenient

1812 613 1879 667 10

1821 1314 1891 1369 20

1841 2219 1921 2274 lo
