2031 2952
571 143 759 195 CARM
766 143 952 194 Imm
988 145 1092 193 ΙΙΙ.
1128 144 1274 196 '7—9.

364 259 523 315 Mitte
547 258 725 314 civiles
751 277 908 329 super
931 258 1060 313 urbe
1085 277 1271 315 curas:

364 329 571 385 Occidit
593 329 727 385 Daci
753 329 1017 385 Cotisonis
1042 348 1243 401 agmen,

367 399 560 457 Medus
583 400 804 455 infestus
831 399 929 455 sibi
951 401 1206 456 luctuosis

575 470 812 526 Dissidet
837 472 1008 539 armiS,
1195 481 1204 489 ‘

366 542 539 598 Servit
563 541 813 613 Hispanae
836 546 989 598 vetus
1013 543 1179 599 hostis
1204 560 1307 598 crae

367 612 627 668 Cantaber
653 631 768 669 sera
792 613 1019 669 domitus
1043 619 1241 680 catena,

367 683 486 739 Jam
513 683 717 756 Scythae
740 683 860 738 laxo
884 684 1199 740 meditantur
1224 703 1350 740 arcu

583 755 781 811 Cedere
806 755 1017 827 campis.

363 824 668 897 Negligens,
696 843 760 880 ne
786 844 888 896 qua
912 826 1131 897 populus
1155 825 1373 892 laboret,

366 896 528 952 Parce
554 896 786 968 privatus
810 896 1024 951 nimium
1049 915 1259 963 cavere3

363 967 519 1023 Dona
539 968 808 1039 praesentis
832 985 956 1039 cape
979 966 1133 1023 laetus
1154 967 1296 1022 horae
1321 974 1375 1021 et

579 1036 783 1111 Linque
808 1056 1004 1094 severa.

357 1198 674 1255 CARMEN
712 1199 1120 1255 IX.—cAnm³N
1156 1216 1480 1255 mmmmm.

185 1305 320 1362 Hor.
364 1302 568 1358 Domec
593 1307 774 1375 gratus
797 1322 936 1359 eram
961 1303 1072 1369 tibi,

338 1401 343 1405 ·
436 1374 553 1430 Nec
576 1374 843 1456 quisquam
906 1374 1044 1429 otior
1065 1373 1273 1430 brachia
1296 1372 1524 1429 candidae

245 1448 251 1458 “
365 1443 568 1502 Cervici
587 1445 792 1518 juvenis
817 1444 883 1501 da
916 1449 986 1512 at,

432 1515 709 1572 Persarum
732 1517 875 1598 vigui
898 1535 1022 1599 rege
1046 1516 1261 1573 beatior.

73 1635 82 1644 .
199 1588 330 1660 Lyd.
366 1584 553 1642 Donec
576 1605 683 1641 non
707 1587 807 1642 aha
830 1606 993 1660 magis

435 1657 645 1725 Arsisti,
671 1676 839 1730 neque
864 1663 974 1714 erat
1002 1658 1168 1732 Lydia
1190 1660 1312 1730 post
1339 1657 1556 1724 Chloen,

368 1726 531 1783 Multi
554 1728 721 1800 Lydia
744 1730 964 1784 nominis

434 1800 671 1854 Romana
693 1800 837 1871 vigui
858 1800 1044 1855 clarior
1067 1799 1183 1854 Ilia.

184 1869 315 1925 Hor.
355 1868 449 1924 Me
472 1888 612 1926 nunc
636 1869 859 1925 Thressa
883 1871 1043 1926 Chloe
1067 1871 1220 1942 regit,

436 1940 631 1996 Dulces
657 1939 808 1996 docta
832 1941 1010 1996 modos
1036 1945 1091 1996 et
1116 1941 1327 1997 citharae
1355 1939 1541 2006 acione,

368 2010 474 2064 Pro
496 2029 600 2081 qua
622 2029 726 2065 non
751 2018 979 2068 metuam
1002 2011 1150 2077 mori,

162 2127 169 2133 .
441 2081 497 2135 Si
520 2084 733 2152 parcent
756 2082 935 2138 animae
962 2083 1067 2137 fata
1089 2080 1374 2153 superstiti.

201 2151 328 2223 Lyd.
373 2150 466 2206 Me
490 2156 653 2207 torret
679 2153 790 2207 face
816 2159 998 2207 mutua

435 2222 653 2277 Thurini
677 2222 844 2277 Calais
866 2224 1003 2278 filius
1028 2222 1232 2295 Ornyti,

363 2292 470 2347 Pro
494 2311 597 2364 quo
624 2293 702 2348 bis
726 2294 893 2364 patiar
916 2294 1061 2359 mori,

439 2364 496 2418 Si
518 2367 734 2435 parcent
757 2383 917 2435 puero
944 2365 1050 2419 fata
1073 2363 1361 2435 superstiti.

186 2433 318 2490 Hor.
361 2432 522 2499 Quid,
550 2435 594 2488 si
620 2434 786 2505 prisca
808 2434 943 2489 redit
967 2435 1150 2489 Venus

439 2503 799 2576 Diductosque
819 2504 948 2578 jugo
972 2506 1113 2578 cogit
1139 2506 1338 2561 aeneo?

367 2574 424 2630 si
447 2574 582 2630 flava
604 2577 871 2631 excutitur
896 2576 1070 2643 Chloe,

408 2703 419 2718 1
433 2645 765 2718 Rejectaeque
825 2652 932 2701 atet
952 2647 1113 2719 janua
1134 2646 1356 2718 Lydiae?

198 2714 329 2787 qu.
368 2715 693 2787 Quamquam
721 2716 765 2771 si
802 2735 887 2772 ere
910 2718 1172 2790 pulchrior

434 2785 534 2841 Ille
559 2792 656 2852 est,
685 2793 746 2841 tu
772 2787 931 2842 levior
955 2789 1147 2846 cortice
1172 2793 1225 2844 et
1250 2787 1484 2861 improbo

1651 473 1720 527 20

1647 1940 1717 1995 10

1541 2648 1714 2703 ·20
