2031 2952
260 111 360 162 218
760 104 927 156 HOR.
958 104 1170 156 EPIST.
1204 105 1248 156 Ι.
1281 108 1365 158 20.

265 220 476 279 Ridebit
501 221 725 278 monitor
746 240 854 277 non
877 220 1171 289 exauditus»,
1197 224 1258 277 ut
1282 221 1385 287 ille,

264 293 369 362 Qui
391 291 523 349 malo
549 297 813 364 parentem
837 293 892 348 in
913 311 1069 365 rupes
1093 292 1346 365 protrusit
1370 290 1585 348 asellum

264 364 474 420 Iratus:
513 363 627 436 quis
652 363 788 419 enim
813 362 1035 419 invitum
1059 382 1263 433 servare
1285 361 1525 419 laboret?

262 435 386 490 Hoc
411 452 617 506 quoque
640 439 694 490 te
719 438 908 502 manet,
934 439 997 490 ut
1023 452 1210 502 pueros
1235 433 1488 489 elementa
1512 431 1791 490 docentem

264 505 501 577 Occupet
526 505 771 561 extremis
794 503 848 559 in
873 504 1000 562 vicis
1025 503 1176 560 balba
1200 509 1456 560 senectus,

135 611 154 635 0
262 576 442 635 Quum
469 574 567 630 tibi
591 575 671 631 sol
695 574 902 648 tepidus
926 575 1100 647 plures
1127 574 1412 630 admoverit
1436 592 1602 641 auree,

265 645 359 701 Me
384 645 623 701 libertino
647 650 828 702 natum
851 651 1000 717 patre
1024 649 1079 700 et
1103 645 1159 700 in
1181 645 1329 701 tenui
1350 663 1407 701 re
1803 647 1877 700 20

260 715 490 803 Majores
515 734 709 788 pennas
732 715 856 770 nido
881 715 1176 771 extendisse
1198 715 1441 787 loqueriS,

261 786 342 842 Ut
366 791 615 858 quantum
677 785 819 841 eneri
842 785 1032 851 demas,
1059 785 1340 841 virtutibus
1364 784 1521 841 addas
1541 809 1557 854 ς

262 856 355 912 Me
380 855 558 928 primis
581 856 665 911 Ur
700 856 744 912 is
770 855 890 911 belli
912 856 1166 928 placuisse
1192 855 1463 926 domique3

262 926 508 998 Corporis
532 926 724 998 exigui,
750 944 1055 998 praecanum‚
1082 926 1278 982 solibus
1304 932 1501 997 aptum,

263 997 428 1053 Irasci
452 997 687 1062 celerem,
713 1001 889 1052 tamen
912 1001 973 1052 ut
999 996 1261 1068 placabilis
1286 1015 1468 1052 essem.

263 1067 425 1123 Forte
449 1086 621 1124 meum
646 1067 693 1122 si
716 1067 832 1138 quis
855 1070 911 1121 te
935 1067 1327 1137 percontabitur
1350 1086 1531 1132 aevum,

263 1138 357 1193 Me
383 1144 565 1210 quater
588 1137 824 1193 undenos
850 1137 980 1193 sciat
1003 1136 1296 1218 implevisse
1320 1137 1652 1206 Decembres,

265 1207 531 1282 collegam
556 1207 814 1282 Lepidum
838 1226 941 1282 quo
966 1207 1117 1265 duxit
1141 1207 1340 1265 Lollius
1363 1226 1516 1266 anno·
