2031 2952
611 170 993 220 CARMINUM
1030 172 1104 220 ΙΙ.
1139 168 1283 225 '7—9.

363 280 545 352 Immae
568 284 769 336 tectum
795 280 1012 336 dominae
1038 282 1334 355 relinquunt

507 353 651 424 Saepe
675 352 873 407 minati.

365 422 440 477 Te
465 423 572 477 suis
597 428 787 477 matres
812 425 1055 477 metuunt
1075 423 1329 493 juvenciS‚

367 494 441 547 Te
467 512 614 548 senes
640 493 780 565 parci
806 493 1104 565 miseraeque
1129 513 1295 565 nuper

367 563 612 636 Virgines
635 569 827 636 nuptae,
854 568 947 619 tua
970 583 1036 619 ne
1060 563 1288 620 retardet

502 636 648 690 Aura
669 636 901 689 maritos·

464 815 776 871 CARMEN
814 815 1061 870 IX.—An
1102 834 1147 873 c.
1175 833 1442 873 mmmm.

293 927 423 983 NON
448 936 650 999 semper
672 926 859 982 imbres
885 927 1111 982 nubibus
1136 908 1367 1010 hispidos
1459 978 1466 983 .
1525 978 1530 983 .

292 999 512 1054 Manant
536 998 592 1052 in
615 1016 764 1069 agros
792 1002 882 1052 aut
908 1017 1045 1052 mare
1073 999 1337 1069 Caspium,

359 1069 566 1124 Vexant
587 1068 862 1139 inaequales
889 1068 1123 1138 procellae

431 1140 510 1194 Us
545 1157 627 1204 ue,
653 1157 750 1195 nec
772 1138 1030 1193 Armeniis
1055 1139 1109 1193 in
1132 1138 1252 1205 oriS,

289 1209 468 1264 Amice
544 1209 660 1280 algi,
689 1214 796 1264 stat
820 1208 1009 1280 glacies
1037 1209 1173 1263 iners

289 1280 501 1335 Menses
524 1298 617 1351 per
641 1299 816 1335 omnes
840 1284 931 1334 aut
954 1279 1297 1351 Aquilonibus

359 1350 616 1420 Querceta
641 1351 746 1405 Gar
783 1350 866 1405 ani
889 1351 1124 1404 laborant

426 1421 498 1476 Et
525 1420 660 1475 foliis
687 1420 738 1476 vi
776 1424 964 1475 uantur
988 1420 1101 1474 orni
1123 1440 1134 1476 :

290 1493 372 1547 Tu
396 1510 593 1564 semper
617 1511 771 1563 urges
796 1492 1052 1546 flebilibus
1078 1490 1241 1547 modis

290 1564 504 1634 Mysten
526 1561 838 1633 ademptum,
863 1581 960 1618 nec
983 1563 1081 1618 tibi
1103 1563 1339 1635 Vespero

361 1635 460 1688 Sur
497 1639 617 1689 ente
641 1633 897 1688 decedunt
920 1652 1118 1687 amores

485 1723 544 1760 ec
568 1703 803 1775 rapidum
827 1704 1060 1776 fugiente
1088 1703 1274 1759 Solem.

287 1773 360 1828 At
387 1793 491 1829 non
513 1780 597 1829 ter
621 1792 728 1829 aevo
753 1774 963 1829 functus
989 1774 1256 1829 amabilem

289 1844 518 1899 Ploravit
542 1863 717 1899 omnes
743 1845 1080 1900 Antilochum
1104 1863 1264 1900 senex

359 1918 554 1982 Anum,
579 1933 675 1972 nec
700 1915 766 1969 im
808 1915 958 1970 ubem
982 1920 1222 1987 parentes

426 1986 636 2040 Troilon
659 1990 750 2040 aut
770 1934 1012 2066 {hrygiae
1036 2003 1237 2040 sorores

289 2055 503 2110 Flevere
528 2075 742 2125 semper.
818 2057 1011 2110 Desme
1035 2055 1265 2112 mollium

287 2125 514 2180 Tandem
540 2126 878 2197 querelarum,
905 2131 958 2181 et
984 2127 1159 2197 potius
1183 2144 1317 2180 nova

360 2196 640 2251 Cantemus
665 2197 895 2268 Augusti
918 2203 1115 2265 tropaea

434 2268 647 2323 Caesaris
673 2273 725 2322 et
751 2267 969 2339 rigidum
997 2266 1278 2337 Niphaten,

286 2335 606 2409 Medumque
630 2339 820 2392 fiumen
845 2337 1088 2408 gentibus
1113 2336 1344 2391 additum

287 2406 460 2463 Victis
484 2410 704 2463 minores
729 2407 934 2462 volvere
957 2407 1192 2472 verticeS,

359 2478 607 2551 Intraque
631 2479 987 2550 praescriptum
1015 2478 1240 2532 Gelonos

354 2563 359 2568 ’
428 2548 650 2624 Exiguis
674 2549 903 2626 equitare
928 2548 1137 2621 campis·

1681 175 1749 223 39

1684 354 1752 408 20

1672 1515 1774 1620 10⁶

1665 2267 1738 2326 20
