2031 2952
249 133 344 180 106
893 124 1190 173 HORA'HI

390 241 642 307 Libenter
666 239 766 295 hoc
791 244 844 294 et
869 258 1020 295 omne
1044 238 1351 295 militabitur

460 311 664 368 Bellum
689 312 744 365 in
766 316 871 366 tuae
896 330 1039 382 spem
1065 313 1259 381 gratiae,

389 383 516 438 Non
540 391 600 437 ut
618 381 854 453 juvencis
878 382 1077 452 illigata
1098 382 1334 452 pluribus

458 456 650 507 Aratra
672 452 905 506 nitantur
930 472 1059 519 mea,

393 525 628 579 Pecusve
653 522 885 577 Calabris
909 530 1031 579 ante
1058 522 1202 578 sidus
1227 522 1480 579 fervidum

460 594 675 649 Lucana
697 601 866 648 mutet
890 594 1111 664 pascuis»,

391 656 579 736 Neque
602 674 664 719 ut
689 666 899 734 superni
922 665 1044 718 villa
1068 664 1291 719 candens
1316 662 1529 719 Tusculi

462 737 659 791 Circaea
679 740 863 806 tangat
887 735 1087 790 moenia.

397 807 534 861 Satis
563 825 819 878 superque
843 824 926 860 me
952 806 1244 878 benignitas
1269 814 1362 863 tua

463 877 698 933 Ditavit:
736 877 875 931 haud
897 896 1144 948 paravero

395 948 552 1019 Quod
573 956 663 1003 aut
689 965 871 1002 avarus
896 956 956 1003 ut
982 950 1225 1003 Chremes
1249 952 1390 1003 terra
1413 963 1656 1019 premam,

466 1019 770 1074 Discinctus
795 1028 886 1073 aut
911 1019 1122 1090 perdam
1145 1037 1323 1089 nepos,

696 1139 1009 1195 CARMEN
1047 1139 1412 1194 IL—Anrms,

406 1232 439 1257 “
457 1227 681 1283 BEATUS
703 1225 804 1291 ine,
831 1227 919 1297 qui
944 1225 1128 1297 procul
1151 1225 1390 1294 negotii3‚

472 1298 551 1351 Ut
577 1299 746 1368 prisca
769 1314 895 1367 gens
919 1296 1229 1361 mortalium,

404 1370 630 1423 Paterna
651 1385 773 1420 rura
799 1367 960 1421 bobus
984 1376 1193 1422 exercet
1217 1365 1343 1432 suiS,

476 1439 689 1493 Solutus
715 1439 854 1492 omni
877 1437 1068 1504 fenore,

404 1509 592 1580 Neque
616 1510 874 1564 excitatur
896 1509 1110 1564 classico
1135 1509 1281 1565 miles
1306 1509 1460 1576 truci,

479 1582 665 1651 Neque
689 1580 862 1634 horret
888 1579 1078 1633 iratum
1103 1599 1256 1646 mare,

406 1652 698 1721 Eorumque
723 1650 854 1703 vitat
879 1657 931 1704 et
957 1651 1180 1721 superba
1202 1649 1391 1705 civium

478 1720 836 1776 Potentiorum
861 1720 1054 1775 limina.

406 1794 549 1863 Ergo
572 1799 662 1846 aut
687 1790 865 1846 adulta
890 1791 1069 1846 vitium
1094 1792 1378 1863 'propagine

478 1863 628 1918 Altas
653 1864 858 1917 maritat
884 1863 1121 1933 popuIOS,

409 1937 519 1991 Aut
543 1934 598 1988 in
622 1933 834 1988 reducta
855 1935 987 1988 valle
1012 1932 1355 2005 mugientium

482 2006 790 2076 Prospectat
816 2013 1046 2059 errantes
1070 2023 1256 2075 greges
1277 2024 1292 2069 ;

412 2076 735 2146 Inutilesque
762 2075 889 2130 falce
914 2094 1084 2130 ramos
1108 2085 1382 2147 amputans

483 2146 759 2202 Feliciores
783 2146 994 2213 inserit;

414 2224 522 2273 Aut
545 2236 723 2290 pressa
750 2218 888 2286 puris
914 2216 1065 2272 mella
1086 2215 1262 2272 condit
1287 2214 1546 2289 amphoris
1567 2238 1583 2283 3

485 2292 596 2345 Aut
622 2288 807 2343 tondet
830 2287 1056 2343 infirmas
1081 2307 1235 2355 oves;

413 2362 515 2418 Vel
541 2379 701 2432 quum
726 2362 963 2414 decorum
991 2359 1204 2414 mitibus
1230 2359 1394 2431 pomis
1420 2364 1573 2429 caput

394 2481 405 2490 .
485 2436 783 2488 Autumnus
810 2431 946 2500 agris
972 2431 1177 2496 extulit,

417 2505 496 2560 Ut
521 2505 712 2575 gaudet
738 2502 946 2557 insitiva
969 2503 1250 2572 decerpens
1275 2521 1418 2574 pyra,

488 2578 785 2629 certantem
811 2585 864 2627 et
892 2593 1044 2628 uvam
1071 2593 1326 2645 purpurae,

418 2647 538 2707 Qua
561 2655 858 2698 muneretur
883 2653 952 2711 te,
980 2645 1184 2716 Priape,
1212 2653 1265 2700 et
1288 2655 1358 2710 te,
1382 2649 1531 2717 pater

489 2717 710 2779 Silvane,
736 2721 884 2769 tutor
906 2716 1085 2770 finium
1104 2718 1118 2771 l

1778 735 1850 787 30

1792 1862 1861 1915 10

1798 2572 1866 2625 20
