2031 2952
626 145 1032 198 SATIRARUM
1068 146 1143 196 11.
1175 148 1227 198 2.
1623 149 1721 200 161

127 256 306 316 Lenta
327 258 459 315 feret
480 259 690 332 pituita.
763 259 942 325 Vides,
967 263 1031 315 ut
1056 258 1275 331 pallidus
1299 259 1464 317 omnis

129 330 297 386 Coena
321 329 567 412 desurgat
593 330 786 387 dubia?
861 330 999 400 Quin
1026 348 1214 401 corpus
1239 336 1485 386 onustum
1574 339 1582 347 '

130 399 412 457 Hesternis
435 401 578 456 vitiis
602 404 825 457 animum
852 420 1058 474 quoque
1083 405 1367 473 praegravat
1390 419 1496 459 una

132 472 313 543 Atque
338 471 497 543 affigit
521 471 678 527 humo
703 471 888 528 divinae
911 472 1215 543 particulam
1239 489 1392 528 auroe.

126 541 298 607 Alter,
323 540 413 597 ubi
438 540 578 598 dicto
602 542 754 598 citius
780 547 961 599 curata
984 543 1158 614 sopori
1657 545 1726 601 80

132 611 378 668 Membra
399 610 556 681 dedit,
582 631 642 667 ve
681 619 798 668 etus
823 613 1124 685 praescripta
1148 611 1214 668 ad
1235 612 1413 668 munia
1434 612 1618 687 surgit.

135 681 246 738 Hic
270 687 442 738 tamen
468 681 532 737 ad
557 701 639 738 me
677 702 740 738 us
764 684 956 754 poterit
981 689 1333 739 transcurrere
1358 684 1629 756 quondam,

135 753 258 807 Sive
285 752 419 808 diem
442 753 636 809 festum
658 752 860 809 rediens
885 753 1147 809 advexerit
1172 772 1355 821 annus,

134 823 245 878 Seu
269 841 500 880 recreare
522 822 664 879 volet
688 828 958 880 tenuatum
983 841 1203 896 corpus3
1240 823 1435 896 ubique

128 892 397 950 Accedent
422 895 543 950 anni
566 898 621 951 et
645 895 857 950 tractari
881 893 1085 949 mollius
1109 900 1236 951 aetas

130 963 400 1019 Imbecilla
420 963 577 1031 volet,
604 963 700 1020 tibi
725 965 966 1036 quidnam
990 964 1199 1020 accedet
1224 964 1287 1020 ad
1313 965 1481 1033 istam,

123 1033 302 1161 333?
301 1040 546 1161 3313232
560 1035 820 1162 {3531}ssss
820 1035 1500 1162 ffiffii’ffisslssssffiss'poeu

128 1175 422 1231 Rancidum
446 1194 628 1248 aprum
653 1176 852 1248 antiqui
880 1175 1177 1241 laudabant,
1198 1195 1304 1231 non
1330 1178 1450 1248 quia
1471 1195 1630 1234 nasus

130 1244 248 1301 Illis
272 1246 445 1301 nullus
469 1252 611 1314 erat3
650 1244 741 1302 sed
766 1245 920 1302 credo
944 1247 1043 1303 hac
1065 1254 1253 1313 mente,
1281 1248 1419 1320 quod
1444 1248 1629 1321 hospes
1654 1249 1725 1305 90

130 1315 351 1372 Tardius
376 1316 652 1373 adveniens
677 1317 919 1372 vitiatum
943 1317 1263 1372 commodius
1290 1336 1440 1389 quam

125 1385 402 1458 Integrum
423 1387 556 1442 edax
575 1386 812 1442 dominus
834 1392 1176 1443 consumeret.
1236 1387 1355 1444 Hos
1376 1390 1572 1447 utinam
1589 1391 1727 1448 inter

128 1456 335 1514 Heroas
361 1463 541 1513 natum
565 1457 721 1513 tellus
746 1476 828 1513 me
852 1458 1017 1530 prima
1040 1458 1275 1515 tulisset!

128 1528 244 1584 Das
269 1528 463 1599 aliquid
489 1528 647 1593 famae,
675 1546 791 1601 quae
815 1529 1037 1585 carmine
1062 1530 1257 1600 gratior
1281 1549 1455 1588 aurem

129 1599 274 1655 Occu
316 1604 364 1654 et
393 1598 698 1655 humanam:
737 1599 956 1671 grandes
980 1600 1181 1655 rhombi
1205 1601 1393 1672 patinae
1430 1622 1495 1660 ue

126 1669 267 1725 Gran
303 1688 333 1725 e
358 1669 532 1725 ferunt
557 1687 663 1725 una
685 1688 802 1725 cum
829 1668 1014 1725 damno
1042 1670 1295 1738 dedecus;
1332 1673 1397 1728 ad
1433 1693 1462 1729 e

122 1740 324 1795 Iratum
348 1745 612 1812 patruum,
638 1741 850 1806 vicinOS,
876 1746 931 1796 te
954 1741 1052 1796 tibi
1077 1742 1326 1813 iniquum,

124 1809 198 1867 Et
220 1810 417 1865 frustra
442 1811 622 1866 mortis
646 1811 904 1882 cupidum,
932 1831 1092 1883 quum
1119 1813 1282 1868 deerit
1306 1813 1481 1884 egenti

122 1882 216 1946 As,
242 1881 410 1954 laquei
437 1881 678 1953 pretium.
754 1882 983 1948 “Jure,'’
1009 1883 1193 1955 inquit,
1224 1883 1516 1941 “hausius
1542 1884 1661 1941 istis

123 1952 159 2007 J
160 1958 378 2034 urgatur
400 1951 588 2019 verbis,
613 1970 711 2024 ego
734 1952 1009 2024 vectigalia
1033 1972 1221 2026 magna
1616 1955 1722 2010 100

123 2021 447 2094 Divitiasque
471 2022 635 2079 habeo
660 2022 835 2078 tribus
860 2024 1055 2097 amplas
1080 2024 1343 2096 regibus?
1418 2024 1578 2096 Erg0,

123 2092 273 2163 Quod
298 2099 525 2166 superat,
552 2112 656 2149 non
685 2098 767 2149 est
791 2094 972 2149 melius
1000 2113 1103 2167 quo
1129 2095 1385 2162 insumere
1412 2095 1618 2166 possis?

124 2162 234 2218 Cur
257 2182 286 2218 e
353 2173 376 2218 t
401 2164 642 2236 indignus
676 2166 943 2236 quisquam
972 2169 1025 2220 te
1052 2163 1253 2222 divite?
1324 2165 1495 2234 Quare

132 2233 292 2306 Temp
313 2254 344 2289 a
366 2242 524 2290 ruunt
549 2235 762 2306 antiqua
782 2236 995 2291 Deum?
1069 2236 1192 2302 Cur,
1220 2235 1467 2306 improbe,
1493 2252 1625 2294 cam

135 2303 256 2359 Non
279 2305 475 2377 aliquid
499 2306 679 2377 patriae
706 2311 854 2362 tanto
880 2305 1109 2362 emetiris
1132 2307 1354 2361 acervo?

137 2373 246 2429 Uni
270 2375 511 2431 nimirum
535 2381 678 2432 recte
703 2377 799 2432 tibi
826 2395 1031 2447 semper
1053 2381 1207 2432 erunt
1230 2377 1352 2432 res?

136 2445 184 2500 Ο
207 2464 424 2518 magnus
450 2447 667 2518 posthac
691 2448 909 2502 inimicis
934 2448 1100 2503 risus!
1176 2447 1379 2503 Uterne

134 2516 219 2571 Ad
241 2535 390 2573 casus
415 2517 600 2572 dubios
623 2518 748 2573 fidet
773 2517 871 2573 sibi
896 2518 1129 2573 certius?
1167 2517 1267 2584 hic,
1294 2518 1382 2590 qui

137 2586 378 2644 Pluribus
402 2587 631 2643 adsuerit
657 2594 881 2644 mentem
908 2607 1200 2661 corpusque
1225 2588 1506 2660 superbum
1519 2612 1538 2661 3

132 2659 218 2714 An
240 2659 345 2729 qui,
372 2663 649 2714 contentus
674 2677 833 2730 parvo
859 2671 1197 2732 metuensque
1224 2660 1403 2729 futuri,
1625 2662 1735 2719 110

135 2727 201 2785 In
224 2746 363 2800 pace,
388 2734 449 2785 ut
475 2728 696 2795 sapiens,
723 2730 913 2801 aptarit
938 2730 1125 2787 idonea
1152 2730 1328 2789 bello?

192 2815 324 2856 ROB.
884 2817 932 2855 Π
