2031 2952
273 104 374 162 120
588 140 593 145 -
923 104 1221 156 HORATII

423 305 738 363 CARMEN
775 308 1077 365 XVI.—An
1112 324 1376 365 Porumm
1411 282 1713 366 Romnum.

274 427 504 500 ALTERA
521 428 629 501 jam
652 428 840 484 teritur
863 428 1010 484 bellis
1035 428 1271 484 civilibus
1295 431 1436 494 aetas,

349 500 467 554 Suis
492 507 546 555 et
569 499 681 571 ipsa
705 500 873 555 Roma
895 500 1093 557 viribus
1116 501 1238 566 ruit,

276 569 450 630 Quam
474 588 640 642 neque
663 570 866 624 finitimi
889 570 1162 626 valuerunt
1187 569 1401 641 perdere
1424 570 1606 638 Marsi,

347 640 569 696 Minacis
595 644 685 695 aut
710 641 932 695 Etrusca
956 641 1199 697 Porsenae
1223 659 1423 709 manus,

275 711 485 769 AEmula
507 730 601 767 nec
625 711 791 765 virtus
817 708 885 765 Ca
925 731 1001 766 uae
1025 731 1119 768 nec
1146 713 1182 767 S
1220 716 1424 768 artacus
1446 729 1565 768 acer

346 781 615 853 Novisque
638 780 791 835 rebus
816 782 869 835 in
907 781 1034 837 delis
1061 783 1178 837 Allo
1215 801 1324 848 roX,

274 851 392 909 Nec
415 852 526 908 fera
549 850 765 907 caerulea
789 852 986 908 domuit
1013 853 1286 909 Germania
1343 853 1446 910 ube

344 923 757 995 Parentibusque
781 922 1107 979 abominatus
1132 924 1312 979 Hanni
1347 924 1414 993 al,

274 992 355 1052 Im
396 995 447 1049 ia
468 992 741 1067 perdemus
767 993 942 1049 devoti
965 995 1231 1066 sanguinis
1259 1002 1402 1063 aetaS‚
1860 1054 1868 1065 ,

390 1065 594 1137 erisque
616 1083 797 1120 rursus
822 1065 1159 1136 occupabitur
1182 1064 1388 1120 solum·
1789 1066 1865 1124 10

274 1136 536 1194 Barbarus
561 1136 660 1191 heu
687 1137 883 1192 cineres
907 1136 1115 1191 insistet
1140 1136 1308 1191 victor
1330 1140 1386 1193 et
1410 1135 1592 1193 urbem

344 1209 521 1280 Eques
547 1216 763 1267 sonante
786 1206 1079 1262 verberabit
1102 1206 1312 1278 ungula,

274 1280 509 1351 Quaeque
534 1285 711 1335 carent
733 1278 901 1335 ventis
925 1282 979 1333 et
1004 1277 1200 1334 solibus
1224 1296 1343 1334 ossa
1366 1277 1588 1346 Quirini,

344 1351 506 1407 Nefas
531 1350 734 1407 videre!
773 1349 1042 1421 dissipabit
1065 1349 1309 1405 insolens.

272 1420 430 1478 Forte
457 1419 583 1494 quid
606 1421 846 1494 expediat
871 1420 1211 1478 communiter
1235 1424 1326 1478 aut
1350 1419 1530 1478 melior
1553 1438 1671 1494 pars

341 1493 498 1549 Malis
524 1511 696 1549 carere
719 1493 947 1565 quaeritis
971 1492 1259 1549 laboribus:
1509 1523 1514 1528 ·

275 1563 441 1620 Nulla
464 1565 533 1619 sit
556 1563 650 1619 hac
676 1565 846 1636 potior
872 1565 1145 1630 sententia,
1172 1564 1510 1624 Phocaeorum

343 1636 505 1691 Velut
529 1635 761 1706 profugit
785 1640 1054 1691 exsecrata
1077 1635 1260 1691 civitas

273 1706 445 1778 Agros
469 1712 626 1777 atque
649 1706 812 1761 Lares
837 1706 1033 1775 patrios
1057 1705 1435 1779 habitandaque
1459 1706 1579 1762 fana

342 1777 498 1849 Apris
522 1777 731 1849 reliquit
755 1781 808 1833 et
832 1777 1103 1848 rapacibus
1129 1777 1281 1848 lupis,
1788 1775 1861 1840 20,

271 1846 359 1903 Ire
449 1848 540 1904 des
564 1867 870 1920 quocunque
894 1847 1080 1915 ferent,
1107 1865 1414 1919 quocunque
1440 1865 1532 1918 per
1553 1844 1719 1903 undas

345 1968 354 1975 .
401 1923 519 1976 otus
542 1919 747 1976 vocabit
773 1925 864 1974 aut
888 1925 1165 1990 protervus
1189 1919 1410 1973 Africus.
1846 1968 1864 1985 ,

273 1990 359 2046 Sic
384 1991 590 2062 placet?
627 2010 693 2047 an
717 1991 898 2047 melius
958 1991 1041 2045 uis
1065 1989 1220 2046 habet
1245 1989 1503 2045 suadere?
1576 1986 1824 2045 Secunda,

344 2064 533 2119 Ratem
561 2081 812 2135 occupare
837 2063 925 2135 qui
986 2080 1244 2118 moramur
1267 2060 1427 2116 alite?

274 2133 376 2190 Sed
395 2135 626 2206 juremus
654 2134 707 2190 in
731 2134 866 2190 haec:
906 2133 1062 2189 simul
1086 2133 1202 2189 imis
1226 2150 1352 2188 saxa
1374 2130 1608 2188 renarint

342 2205 504 2261 Vadis
526 2206 712 2271 levata,
738 2224 804 2261 ne
828 2204 995 2261 redire
1022 2204 1091 2261 sit
1115 2204 1291 2271 nefas;

270 2275 395 2331 Neu
417 2294 664 2333 conversa
687 2277 895 2332 domum
920 2276 1099 2348 pigeat
1124 2274 1245 2331 dare
1268 2274 1441 2340 lintea,
1468 2271 1673 2345 quando

339 2345 514 2403 Padus
538 2347 742 2402 Matina
765 2346 946 2404 laverit
971 2349 1254 2412 cacumina,

267 2415 337 2472 In
362 2436 500 2473 mare
524 2437 619 2475 seu
644 2419 813 2474 celsus
838 2417 1153 2490 procurrerit
1177 2418 1227 2471 A
1264 2415 1497 2480 enninus,

340 2488 594 2561 Novaque
617 2494 850 2545 monstra
867 2488 1100 2561 junxerit
1123 2487 1216 2543 libi
1251 2487 1335 2543 ine
1785 2483 1858 2542 30

268 2556 439 2613 Mirus
465 2577 620 2626 amor,
643 2560 793 2631 juvet
818 2564 878 2615 ut
903 2560 945 2615 ti
1009 2579 1066 2615 es
1091 2557 1356 2614 subsidere
1380 2555 1559 2622 cervis,

338 2628 678 2685 Adulteretur
700 2635 753 2686 et
778 2630 945 2686 colum
982 2649 1014 2685 a
1036 2629 1211 2696 milu0,

174 2753 189 2779 ς
269 2699 492 2756 Credula
514 2718 612 2756 nec
635 2719 785 2756 ravos
810 2701 1026 2757 timeant
1052 2704 1283 2757 armenta
1303 2700 1499 2767 leones,

339 2772 598 2841 Ametque
623 2769 758 2827 salsa
779 2770 905 2827 levis
929 2771 1104 2827 hircus
1128 2790 1373 2844 ae-quora„
