2031 2952
441 642 448 649 ⁴
609 561 675 632 Q.
730 557 1077 626 nomm
1132 566 1417 627 FLAcct

221 754 449 837 DE
498 753 982 866 ARTE
1042 755 1811 842 POETIGA

844 961 1188 1021 LIBER.

896 1124 1144 1155 ——4—

218 1237 477 1295 HUMANO
502 1238 660 1312 capiti
684 1240 936 1297 cervicem
962 1241 1132 1310 pictor
1156 1241 1395 1313 equinam

217 1309 252 1363 J
254 1329 322 1364 un
364 1329 447 1365 ere
475 1311 519 1365 si
543 1311 666 1365 velit
694 1315 747 1366 et
773 1313 938 1367 varias
964 1311 1204 1367 inducere
1230 1311 1430 1382 plumas

218 1329 463 1452 Untfique
488 1381 688 1436 collatis
717 1381 970 1448 membris,
996 1387 1058 1438 ut
1085 1384 1307 1454 turpiter
1332 1386 1502 1436 atrum

214 1450 435 1506 Desinat
460 1451 514 1507 in
538 1452 735 1523 piscem
760 1452 943 1508 mulier
966 1452 1193 1509 formosa
1217 1470 1451 1525 superne,

220 1522 520 1593 Spectatum
548 1522 759 1577 admissi
782 1524 944 1578 risum
967 1525 1190 1579 teneatis
1218 1524 1408 1579 amici?

218 1591 442 1658 Credite,
471 1593 705 1659 Pisones„
734 1593 825 1648 isti
847 1594 1038 1650 tabulae
1060 1594 1172 1652 fore
1195 1594 1385 1652 librum

217 1663 556 1730 Pei-similem,
585 1663 735 1746 cujus
760 1663 906 1720 velut
930 1663 1057 1737 aegri
1081 1666 1280 1720 somnia
1302 1683 1447 1720 vanae

218 1734 507 1804 Fingentur
532 1752 760 1807 specles3
795 1737 857 1790 ut
882 1755 976 1791 nec
1002 1754 1093 1806 pes
1118 1755 1215 1792 nec
1240 1740 1396 1807 caput
1421 1735 1512 1790 uui

217 1804 491 1860 Reddatur
515 1805 705 1860 formae.
787 1806 1133 1862 “Pictoribus
1160 1810 1316 1877 atque
1339 1806 1511 1878 poetis

220 1875 481 1939 Quidlibet
509 1874 730 1932 audendi
758 1895 959 1949 semper
983 1877 1085 1931 suit
1111 1896 1257 1949 aequa
1280 1875 1565 1945 potestaS.’'
1753 1876 1820 1928 10

217 1946 437 2013 Scimus,
458 1951 510 2002 et
535 1947 667 2003 hanc
688 1947 886 2002 veniam
915 1947 1242 2019 petimusque
1270 1946 1552 2018 damusque
1577 1943 1822 2010 vicissim,

220 2016 322 2072 Sed
347 2036 451 2073 non
476 2022 536 2073 nt
561 2017 775 2089 placidis
802 2021 989 2074 coe'ant
1015 2017 1245 2081 immitia,
1272 2037 1377 2073 non
1402 2022 1463 2073 ut

219 2087 496 2159 Serpentes
524 2088 703 2143 avibus
730 2091 1073 2161 geminentur,
1100 2088 1322 2158 tigribus
1349 2087 1482 2159 agni.

216 2157 450 2229 Inceptis
475 2158 719 2229 gravibus
745 2160 1049 2231 plerumque
1074 2162 1127 2214 et
1154 2178 1340 2229 magna
1364 2156 1610 2230 professis

218 2228 536 2298 Purpureus,
564 2228 667 2284 late
694 2230 784 2300 qui
808 2229 1094 2301 splendeat,
1122 2248 1260 2285 unus
1286 2234 1339 2284 et
1367 2228 1497 2283 alter

217 2297 472 2353 Adsuitur
495 2317 729 2370 pannus3
770 2319 929 2372 quum
952 2299 1102 2354 lucus
1128 2304 1183 2354 et
1209 2317 1296 2353 ara
1318 2299 1501 2355 Dianae

216 2367 288 2423 Et
312 2369 634 2439 properantis
660 2388 806 2439 aquae
829 2389 922 2441 per
947 2387 1173 2424 amoenos
1200 2368 1423 2423 ambitus
1452 2386 1619 2440 agr03,

216 2436 327 2492 Aut
352 2438 543 2492 flumen
568 2438 812 2493 Rhenum
837 2443 929 2494 aut
954 2438 1162 2510 pluvius
1189 2438 1498 2494 describitur
1521 2456 1672 2493 arcus
1695 2455 1709 2501 ;

219 2504 320 2560 Sed
343 2524 481 2562 nunc
503 2526 611 2562 non
634 2512 745 2563 erat
770 2509 849 2564 his
875 2508 1034 2564 locus.
1109 2509 1181 2562 Et
1207 2508 1425 2562 fortasse
1451 2513 1756 2580 cupressum

218 2574 330 2628 Scis
355 2575 625 2632 simulare:
665 2577 792 2648 quid
812 2579 928 2646 hoc,
957 2579 1001 2634 si
1025 2578 1203 2633 fractis
1229 2581 1407 2632 enatat
1431 2596 1622 2649 exspes
1750 2578 1818 2634 20

215 2642 469 2727 Navibus,
494 2663 594 2701 aere
619 2646 742 2702 dato
766 2648 857 2720 qui
879 2647 1152 2720 pingitur?
1212 2646 1480 2715 Amphora
1503 2648 1660 2725 ooepit

215 2711 465 2785 Institm3
506 2719 747 2775 currente
768 2721 887 2776 rota
909 2735 1003 2776 cur
1025 2734 1214 2776 urceus
1238 2715 1389 2779 exit?
