2031 2952
675 82 1079 171 SATiRARUil
1111 120 1155 171 1.
1188 122 1237 170 s.
1651 117 1751 173 135

146 241 485 298 Ponderibus
510 240 836 312 modulisque
860 242 967 298 suis
991 239 1124 296 ratio
1146 239 1330 305 utitur,
1357 257 1417 295 ac
1442 257 1523 295 res

149 314 240 369 Ut
267 331 484 386 quaeque
511 318 608 379 est,
635 313 708 368 ita
733 313 998 386 suppliciis
1026 311 1214 367 delicta
1236 311 1476 366 coercet?

153 385 215 439 Si
243 385 360 456 quis
386 403 504 439 eum
532 403 750 449 servum,
779 384 1003 456 patinam
1034 382 1120 454 qui
1146 381 1324 436 tollere
1343 381 1519 451 jussus
1683 378 1751 433 80

154 455 404 510 Semesos
431 455 599 526 pisces
624 458 679 509 te
716 454 958 525 idumque
983 452 1238 532 ligurierit
1255 451 1358 524 juS,

150 524 226 579 In
253 544 409 581 cruce
435 525 655 595 suffigat,
732 524 924 581 abeone
948 522 1174 578 insanior
1196 530 1332 577 mter

155 597 328 651 Sanos
354 595 569 650 dicatur.
641 595 852 663 Quanto
877 595 973 650 hoc
999 593 1244 648 furiosius
1269 598 1425 665 atque

155 664 341 736 Majus
366 669 631 736 peccatum
660 666 771 720 est!
847 664 1087 720 Paullum
1111 663 1324 734 deliquit
1348 663 1574 731 amicus;

155 735 318 804 Quod
340 735 441 790 nisi
465 735 730 799 concedas,
756 736 973 791 habeare
994 734 1256 789 insuavis:
1293 733 1506 790 acerbus

158 806 340 860 Odisti
365 810 418 860 et
443 805 597 876 fugis,
627 810 686 860 ut
710 805 976 861 Rusonem
1006 804 1207 860 debitor
1231 804 1360 872 aeriS,

161 876 277 936 Qui
300 876 415 942 nisi,
444 895 602 947 quum
626 876 804 932 tristes
829 876 1019 931 misero
1043 893 1229 930 venere
1255 875 1503 942 Calendae,

159 946 464 1002 Mercedem
490 950 581 1000 aut
606 964 841 1001 nummos
867 945 1007 1001 unde
1031 945 1169 1000 unde
1195 947 1432 1013 extricat,
1460 962 1656 1001 amaras

159 1017 416 1072 Porrecto
435 1017 455 1098 j
589 1035 622 1070 o
645 1016 886 1072 historias
912 1016 1151 1088 captivus
1176 1020 1237 1071 ut
1262 1016 1423 1072 audit.

163 1086 483 1142 Comminxlt
528 1090 700 1142 ectum
725 1093 883 1169 potus
909 1105 1148 1142 mensave
1172 1086 1402 1142 catillum
1684 1085 1754 1138 90

161 1157 397 1213 Euandri
420 1156 654 1212 manibus
678 1161 858 1212 tntum
886 1157 1074 1229 dejecit
1096 1181 1108 1211 ι
1147 1155 1213 1211 ob
1238 1155 1368 1212 hanc
1390 1175 1515 1221 rem,

164 1229 276 1283 Aut
302 1228 528 1299 positum
554 1231 674 1282 ante
698 1246 824 1290 mea,
836 1229 955 1299 quia
977 1228 1174 1299 pullum
1200 1227 1254 1280 in
1275 1232 1424 1299 parte
1448 1225 1606 1283 catini

167 1298 393 1353 Sustulit
418 1298 666 1363 esuriens,
691 1298 861 1353 minus
884 1298 982 1352 hoc
1002 1294 1266 1369 jucundus
1291 1297 1483 1353 amicus

167 1368 248 1423 Sit
272 1359 435 1423 mihi?
508 1367 662 1436 Quod
685 1368 880 1433 faciam,
908 1368 953 1422 si
977 1368 1172 1422 furtum
1196 1367 1387 1433 fecerit,
1414 1371 1504 1422 aut
1529 1364 1577 1422 si

168 1438 463 1494 Prodiderit
486 1439 759 1495 commissa
781 1437 881 1493 fide
907 1456 1217 1510 sponsumve
1241 1439 1480 1511 negarit?

169 1510 302 1579 Quis
327 1509 469 1581 paria
493 1527 606 1563 esse
628 1509 736 1564 fere
764 1509 957 1580 placuit
979 1514 1209 1581 peccata,
1234 1509 1483 1575 laborant,

170 1581 342 1649 Quum
350 1584 561 1635 ventum
578 1579 641 1633 ad
652 1597 827 1634 verum
842 1584 947 1647 est;
982 1598 1165 1634 sensus
1180 1598 1446 1652 moresque
1461 1580 1753 1652 repugnant

171 1653 345 1723 Atque
370 1650 482 1721 ipsa
506 1649 719 1716 utilitas,
743 1650 876 1722 justi
901 1668 1062 1722 prope
1088 1655 1251 1705 mater
1274 1655 1327 1706 et
1350 1650 1500 1723 aequi.

170 1720 344 1789 Quum
368 1724 734 1791 prorepserunt
760 1721 936 1792 primis
961 1719 1197 1776 animalia
1219 1722 1386 1788 terris,
1684 1720 1749 1773 99

174 1791 384 1845 Mutum
409 1795 464 1847 et
487 1797 640 1862 turpe
664 1809 837 1862 pecus,
865 1792 1099 1862 glandem
1126 1795 1282 1862 atque
1307 1789 1495 1847 cubilia
1516 1795 1730 1861 propter

174 1860 450 1933 Unguibus
474 1868 527 1915 et
551 1862 756 1933 pugniS‚
782 1861 900 1916 dein
924 1862 1166 1927 fustibus,
1193 1867 1348 1933 atque
1372 1861 1449 1916 ita
1470 1877 1623 1932 porro

174 1930 481 2003 Pugnabant
505 1932 674 1997 armiS,
701 1950 815 2002 quae
837 1938 957 2004 post
982 1931 1316 1987 fabricaverat
1341 1949 1482 1996 usuS,

176 2002 353 2057 Donec
376 2000 548 2067 verba,
577 2001 764 2073 quibus
789 2020 940 2057 voces
968 2020 1251 2072 sensusque
1275 2004 1532 2065 notarent,

176 2072 499 2143 Nominaque
522 2073 763 2127 invenere
784 2093 799 2137 3
835 2072 1022 2127 dehinc
1046 2070 1291 2127 absistere
1314 2070 1465 2138 bello,

177 2143 378 2215 Oppida
400 2147 665 2214 coeperunt
692 2143 889 2197 munire
913 2148 966 2196 et
991 2159 1184 2213 ponere
1207 2142 1365 2213 leges,

178 2213 259 2268 Ne
284 2214 397 2285 quis
420 2214 506 2266 fur
528 2218 683 2279 esset,
708 2231 811 2267 neu
835 2213 982 2278 latro,
1009 2230 1114 2266 neu
1138 2212 1251 2282 quis
1277 2211 1494 2268 adulter.

179 2283 311 2339 Nam
336 2282 434 2337 fuit
459 2288 579 2338 ante
604 2282 860 2337 Helenam
884 2301 1087 2337 cunnus
1112 2282 1376 2337 teterrima
1398 2281 1522 2338 belli

181 2354 358 2418 Causa,
385 2351 476 2407 sed
499 2353 692 2424 ignotis
715 2353 980 2424 perierunt
1004 2352 1257 2407 mortibus
1283 2352 1371 2421 illi,

181 2424 318 2493 Quos
343 2423 600 2478 Venerem
624 2424 871 2478 incertam
896 2423 1155 2494 rapientes
1180 2440 1320 2477 more
1345 2424 1567 2479 serarum

182 2494 386 2549 Viribus
411 2493 598 2548 editior
620 2492 862 2559 caedebat‚
887 2500 949 2548 ut
973 2495 1023 2547 in
1050 2510 1208 2563 grege
1233 2497 1432 2550 taurus.
1652 2495 1756 2551 110

183 2564 214 2619 J
217 2583 303 2619 ura
323 2564 535 2619 inventa
556 2569 700 2618 metu
722 2564 904 2636 injusti
925 2564 1118 2618 fateare
1142 2582 1351 2619 necesse
1375 2569 1473 2632 est,

185 2636 426 2706 Tempora
448 2634 494 2687 si
516 2633 781 2704 fastosque
806 2634 933 2689 velis
957 2633 1193 2689 evolvere
1218 2634 1412 2692 mundi.

187 2706 292 2762 Nec
313 2711 499 2760 natura
522 2711 694 2774 potest
712 2705 856 2776 justo
881 2723 1144 2761 secernere
1166 2705 1414 2779 iniquum,
