2031 2952
556 153 1048 205 EPISTOLARUM
1081 156 1125 205 1.
1160 159 1242 215 10,
1279 157 1356 206 11.
1648 137 1752 206 ‘203

123 272 130 278 ’
157 272 361 329 Cervus
387 290 575 344 equum
598 290 776 344 pugna
798 270 978 326 melior
1002 270 1360 327 communibus
1383 270 1556 328 herbis

154 343 411 405 Pellebat,
437 343 600 398 donec
623 343 788 397 minor
811 342 864 396 in
890 342 1167 397 certamine
1192 341 1348 413 longo

153 410 242 470 Im
280 414 465 469 loravit
490 431 614 483 opes
637 413 855 468 hominis
881 413 1183 484 frenumque
1208 413 1434 484 recepit3

160 433 279 539 Sed)
290 488 563 556 postquam
589 484 753 539 victor
778 484 970 538 violens
996 483 1231 538 discessit
1257 483 1319 538 ab
1344 484 1511 551 hoste,

157 553 288 611 Non
312 556 537 636 equitem
564 555 730 620 dorso,
756 573 862 609 non
888 556 1088 608 frenum
1113 553 1310 626 depulit
1334 572 1439 610 ore.

161 625 266 691 Sic,
294 644 381 696 qul
404 626 697 698 pauperiem
724 626 920 680 veritus
945 625 1146 696 potiore
1173 625 1390 680 metallis

160 694 428 751 Libertate
452 701 609 763 caret,
638 695 895 750 dominum
922 695 1065 751 vehit
1091 695 1352 766 improbus
1376 697 1530 766 atque
1682 694 1754 749 40

154 765 361 820 ‘Serviet
386 771 652 831 aeternum,
680 767 797 836 quia
821 785 980 837 parvo
1006 766 1202 820 nesciet
1229 766 1322 820 uti.

160 835 262 890 Cui
284 854 390 891 non
414 837 685 892 conveniet
709 855 804 891 sua
827 855 924 902 reS,
952 841 1011 891 ut
1037 836 1238 891 calceus
1263 835 1399 901 olim,

161 906 219 961 Si
240 906 372 977 pede
399 907 559 979 major
582 908 694 972 erit,
722 908 1006 971 subvertet,
1034 907 1078 962 si
1102 907 1282 972 minor,
1308 908 1443 962 uret.

160 976 341 1049 Laetus
367 984 506 1032 sorte
531 984 624 1032 tua
646 979 786 1032 vives
812 977 1087 1049 sapienter,
1114 976 1278 1031 Aristi
1301 996 1316 1042 3

160 1046 276 1102 Nec
303 1067 382 1102 me
408 1047 636 1102 dimittes
663 1048 1040 1120 incastigatum,
1068 1048 1157 1103 ubi
1180 1046 1331 1118 plura

163 1117 361 1188 Cogere
387 1137 538 1190 quam
565 1119 689 1173 satis
716 1125 795 1174 est
822 1137 880 1173 ac
905 1137 1010 1173 non
1035 1136 1233 1174 cessare
1258 1116 1484 1173 videbor.

161 1187 393 1259 Imperat
418 1193 508 1244 aut
534 1190 691 1243 servit
718 1189 933 1245 collecta
956 1189 1176 1260 pecunia
1199 1189 1398 1260 cuique,

160 1258 377 1313 Tortum
402 1259 452 1312 di
492 1278 557 1315 na
582 1258 728 1330 sequi
752 1260 925 1331 potius
951 1277 1104 1330 quam
1127 1259 1313 1314 ducere
1339 1259 1529 1312 funem.
1632 1304 1635 1307 .

159 1328 295 1385 Haec
318 1329 413 1385 tibi
476 1328 692 1385 ictabam
716 1334 836 1401 post
860 1330 1035 1384 fanum
1060 1334 1215 1398 putre
1238 1329 1484 1394 Vacunae,

159 1398 413 1472 Excepto,
441 1400 576 1472 quod
601 1419 706 1455 non
730 1400 882 1455 simul
906 1419 1062 1467 esseS,
1091 1408 1263 1455 cetera
1285 1400 1452 1471 laetus,
1683 1396 1753 1454 50

445 1573 801 1629 EPISTOLA
835 1573 1085 1629 XL—-An
1123 1590 1463 1629 numanum.

162 1681 316 1741 QUID
339 1681 435 1737 tibi
457 1681 569 1737 visa
593 1682 769 1748 Chios,
796 1681 1007 1746 Bullati,
1036 1685 1259 1754 notaque
1282 1682 1498 1746 Lesb03‚

161 1752 301 1821 Quid
324 1752 573 1809 concinna
598 1754 792 1819 Samm,
820 1752 943 1824 quid
968 1753 1131 1808 Croesi
1156 1754 1311 1825 regia,
1341 1752 1531 1816 SardiS,

163 1823 380 1894 Smyrna
403 1823 526 1895 quid
552 1828 605 1878 et
631 1823 937 1895 Colophon?
996 1824 1202 1896 Majora
1225 1824 1485 1878 minorane
1511 1822 1644 1876 fama
1659 1822 1686 1877 Ρ

162 1893 426 1949 Cunctane
450 1912 556 1965 prae
582 1894 779 1964 Campo
804 1899 856 1948 et
881 1894 1122 1950 Tiberino
1147 1894 1355 1948 flumine
1381 1891 1590 1948 sordent
1611 1895 1635 1948 Ρ

159 1966 246 2019 An
269 1964 412 2019 venit
435 1964 491 2018 in
513 1969 690 2019 votum
716 1964 958 2020 Attalicis
983 1983 1050 2019 ex
1072 1964 1286 2019 urbibus
1313 1982 1430 2029 una,

160 2034 248 2088 An
269 2034 535 2089 Lebedum
560 2034 739 2089 laudas
765 2034 882 2089 odio
908 2035 1061 2090 maris
1087 2041 1240 2106 atque
1264 2035 1502 2089 viarum?

165 2105 292 2170 Scia,
318 2104 560 2160 Lebedus
585 2104 709 2177 quid
733 2106 832 2171 sit3
873 2106 1047 2160 Gabiis
1074 2105 1324 2159 desertior
1349 2114 1505 2176 atque

161 2174 370 2230 Fidenis
393 2175 569 2242 vicus3
607 2181 776 2230 tamen
805 2175 909 2230 illic
932 2176 1105 2231 vivere
1129 2175 1314 2230 vellem

163 2245 472 2317 Oblitusque
496 2265 725 2301 meorum
750 2245 1128 2301 obliviscendus
1153 2251 1206 2300 et
1231 2245 1332 2300 illis

164 2317 247 2371 Ne
284 2320 465 2371 tunum
491 2316 670 2388 procul
696 2335 725 2370 e
747 2321 887 2371 terra
910 2321 1142 2387 spectare
1170 2317 1440 2371 furentem.
1684 2317 1753 2371 10

158 2334 282 2450 Sed)
289 2405 473 2459 neque,
498 2388 586 2459 qui
611 2387 788 2457 Capua
810 2387 1029 2442 Romam
1058 2388 1202 2457 petit,
1229 2386 1389 2442 imbre
1415 2386 1631 2459 lutoque

163 2456 456 2529 Adspersus
479 2458 619 2513 volet
642 2457 698 2511 in
722 2475 956 2529 caupona
976 2458 1179 2523 vivere3
1219 2476 1328 2523 nec,
1355 2458 1444 2530 qui

164 2527 353 2596 Frigus
379 2527 598 2599 collegit,
626 2528 805 2582 furnos
829 2532 882 2583 et
908 2527 1088 2582 balnea
1112 2527 1289 2582 laudat

165 2599 244 2653 Ut
267 2599 578 2653 fortunatam
604 2597 751 2668 plene
775 2598 1076 2669 praestantia
1098 2599 1274 2652 vitam.

167 2669 295 2734 Nec,
324 2669 368 2723 si
393 2675 446 2723 te
471 2668 668 2722 validus
687 2668 960 2737 jactaverit
982 2669 1180 2723 Auster
1203 2669 1260 2722 in
1283 2668 1402 2734 alto,

166 2739 368 2797 Idcirco
392 2757 574 2794 navem
597 2745 739 2793 trans
764 2738 1002 2809 AEgaeum
1027 2757 1166 2794 mare
1188 2740 1398 2795 vendas.
