2031 2952
615 430 686 497 Q.
728 430 1078 492 HORATII
1131 430 1420 492 FLACCI

299 607 1737 709 SATIRARUM

734 818 966 876 LIBER
1010 821 1320 880 PRIMUS.

901 969 1152 1000 ——4—

847 1083 1115 1141 SATIRA
1147 1084 1195 1141 Ι.

221 1185 335 1254 QUI
358 1186 434 1253 fit,
459 1187 738 1255 Maecenas,
764 1191 826 1243 ut
844 1207 1018 1255 nemo,
1046 1208 1199 1261 quam
1224 1187 1324 1245 sibi
1347 1191 1543 1246 sortem

225 1259 331 1314 Seu
354 1260 486 1314 ratio
513 1258 711 1314 dederit
737 1277 830 1314 seu
853 1259 959 1313 fors
986 1259 1249 1331 objecerit,
1276 1259 1400 1314 illa·

225 1329 520 1385 Contentus
543 1328 700 1394 vivat,
727 1328 901 1385 laudet
927 1330 1130 1385 diversa
1152 1331 1470 1400 sequentes?

226 1404 261 1429 “
279 1400 327 1454 O
351 1400 604 1455 fortunati
626 1405 938 1455 mercatores
957 1401 1013 1454 !'’
1051 1402 1222 1472 gravis
1247 1401 1394 1456 annis
1408 1401 1433 1435 b

223 1467 380 1527 Miles
406 1470 479 1526 ait
502 1470 668 1525 multo
686 1471 794 1541 jam
818 1470 1013 1527 fractus
1039 1470 1267 1527 membra
1287 1471 1477 1528 labore.

225 1542 423 1596 Contra
445 1546 714 1608 mercator,
741 1559 923 1596 navem
944 1543 1266 1623 jactantibus
1284 1535 1533 1599 'Austrisz

229 1611 470 1667 “Militia
492 1617 573 1665 est
598 1613 785 1684 potior.
860 1613 999 1683 Quid
1024 1614 1159 1668 enim
1175 1616 1235 1669 ⁰?
1273 1615 1629 1670 concurritur:
1666 1613 1807 1671 horae

225 1682 498 1737 Memento
524 1682 664 1738 cita*
689 1702 828 1738 mors
852 1684 994 1739 venit
1018 1690 1109 1738 aut
1132 1684 1351 1740 victoria
1371 1685 1540 1741 laeta.'’

226 1754 526 1828 Agricolam
549 1752 726 1808 laudat
743 1755 880 1824 juris
905 1755 1180 1838 legumque
1203 1757 1417 1827 perituS,

228 1827 337 1881 Sub
430 1824 483 1879 lli
507 1829 715 1905 cantum
740 1825 1007 1881 consultor
1030 1826 1121 1881 ubi
1145 1827 1278 1881 ostia
1301 1827 1492 1907 pulsat.
1751 1828 1822 1882 10
1928 1877 1937 1888 ,

225 1897 323 1952 Ele
385 1898 484 1952 atis
512 1893 725 1976 qus
753 1896 842 1966 qui
865 1915 985 1951 rure
1009 1903 1275 1952 extractus
1301 1916 1355 1952 m
1377 1898 1556 1953 urbem
1580 1900 1864 1986 &ussus-su
1887 1885 1990 1954 ul:

229 1968 378 2024 Solos
401 1968 575 2022 felices
603 1973 834 2021 viventes
860 1967 1046 2023 clamat
1071 1968 1124 2021 in
1148 1969 1291 2022 urbe.

227 2038 417 2097 Cetera
440 2040 502 2094 de
528 2058 717 2111 genere
742 2040 854 2104 hoc,
880 2037 1008 2093 adeo
1034 2042 1156 2093 sunt
1180 2040 1355 2103 multa,
1381 2037 1651 2110 loquacem

225 2110 501 2168 Delassare
525 2113 699 2165 valent
724 2109 956 2164 Fabium.
1029 2109 1116 2164 Ne
1140 2113 1193 2162 te
1216 2126 1399 2172 morer,
1425 2108 1563 2171 audi,

226 2183 345 2252 Quo
369 2203 478 2238 rem
502 2181 766 2238 deducam.
844 2182 899 2236 Si
922 2181 1038 2252 quis
1063 2179 1229 2245 Deus,
1257 2183 1290 2206 “
1305 2179 1388 2233 En
1413 2180 1564 2249 ego‚”
1589 2178 1747 2245 dicat,

190 2270 197 2285 ·
230 2258 262 2282 “
278 2254 397 2308 Jam
422 2255 604 2309 faciam
630 2252 770 2326 quod
796 2253 953 2307 vultis
976 2276 987 2307 :
1027 2252 1127 2308 eris
1154 2255 1230 2317 tu,
1257 2250 1346 2321 qui
1368 2249 1521 2329 modo
1545 2248 1708 2315 miles,

226 2322 520 2393 Mercator3
558 2330 635 2391 tu,
663 2322 931 2379 consultus
957 2323 1127 2389 mod0‚
1155 2323 1412 2376 rusticus:
1452 2320 1570 2376 hmc
1592 2337 1705 2387 vos,

226 2394 341 2450 Vos
365 2395 485 2451 hinc
508 2396 722 2450 mutatis
749 2394 997 2451 discedite
1022 2393 1275 2466 partibus.
1348 2391 1474 2446 Eia!

228 2465 368 2535 Quid
393 2467 624 2521 statis?''
662 2465 845 2520 nolint.
917 2466 1085 2536 Atqui
1109 2466 1231 2520 licet
1256 2482 1370 2519 esse
1395 2462 1577 2518 beatis.

226 2536 367 2606 Quid
391 2554 558 2591 causae
583 2540 678 2601 est,
705 2536 888 2591 merito
913 2536 1039 2607 quin
1061 2535 1161 2590 illis
1187 2534 1395 2607 Jupiter
1418 2534 1594 2590 ambas
1755 2533 1824 2590 20

224 2608 403 2664 Iratus
429 2607 614 2662 buccas
637 2606 784 2684 inflet
808 2625 978 2679 neque
1002 2625 1060 2661 se
1084 2607 1193 2661 fore
1218 2606 1433 2676 posthac

326 2713 347 2734 ι
371 2704 460 2744 ulla
661 2703 681 2730 ¹⁹
705 2702 835 2741 armis
1046 2713 1063 2732 ι·
1088 2701 1203 2747 Quid
1219 2700 1293 2741 ni'l
1501 2691 1624 2742 «saut
1639 2700 1726 2742 cita

1684 1989 1730 2042 ²·-
1781 1973 1938 2034 Μαί).
1974 1985 1988 2004 »
