2031 2952
717 129 883 180 ROB„
913 128 1131 180 EPIST.
1161 126 1207 179 Ι.
1239 128 1290 179 1.
1695 128 1797 181 189

212 248 299 304 Sic
323 246 447 303 mihi
470 246 617 303 tarda
638 247 808 302 fluunt
831 247 1033 321 ingrata
1066 268 1132 306 uc
1155 252 1403 322 tempora,
1429 268 1542 323 quae
1566 268 1711 325 spem

212 319 596 391 Consiliumque
622 323 886 374 morantur
910 339 1040 390 agen
1075 321 1091 375 i
1116 320 1315 376 naviter
1339 319 1407 387 id,
1434 321 1573 393 quod

210 389 383 461 AEque
407 409 508 462 pau
546 389 715 445 eribus
740 390 966 461 prodest,
992 390 1332 461 locupletibus
1357 410 1517 472 aeque,

211 460 383 532 AEque
407 478 508 532 neg
528 466 700 516 ectum
723 461 896 531 pueris
921 460 1228 533 senibusque
1251 462 1473 517 noceblt.

212 529 419 597 Restat,
447 537 506 586 ut
534 531 611 586 his
636 549 732 602 ego
760 549 838 585 me
863 530 972 601 ipse
996 549 1168 601 regam
1194 531 1330 586 soler
1366 550 1429 586 ue
1455 531 1759 588 elementis:

213 600 341 656 Non
364 601 529 673 possis
556 600 706 656 oculo
731 608 978 672 quantum
1004 601 1312 657 contendere
1385 620 1594 672 ynceus,

213 670 339 726 Non
362 677 539 727 tamen
561 670 754 727 idcirco
778 676 1073 726 contemnas
1097 671 1266 743 lippus
1290 671 1500 742 inungi;

215 741 347 806 Nec,
377 743 494 813 quia
518 741 757 813 desperes
780 741 958 796 invicti
981 741 1207 797 membra
1232 740 1491 814 Glyconis,
1738 741 1808 796 30

215 810 435 867 Nodosa
457 830 643 883 corpus
665 812 799 868 nolis
823 812 1092 883 prohibere
1117 812 1375 883 cheragra.

216 879 317 937 Est
343 883 554 953 quadam
582 881 784 954 prodire
806 887 974 949 tenus,
1002 882 1046 937 si
1072 902 1172 937 non
1198 882 1350 937 datur
1373 880 1526 936 ultra.

218 950 409 1008 Fervet
434 953 650 1009 avaritia
673 953 959 1023 miseroque
985 972 1051 1007 cu
1088 952 1222 1008 idine
1247 956 1460 1025 pectus:

222 1022 357 1079 Sunt
381 1023 538 1079 verba
561 1028 614 1079 et
639 1042 808 1089 voces,
837 1023 1023 1094 quibus
1085 1043 1185 1081 unc
1209 1023 1365 1079 lenire
1391 1020 1618 1077 dolorem

219 1092 397 1149 Possis
422 1100 475 1151 et
500 1113 734 1166 magnam
757 1093 921 1148 morbi
943 1093 1197 1166 deponere
1220 1102 1430 1169 partem.

221 1162 419 1220 Laudis
444 1185 616 1221 amore
638 1173 838 1222 tumes:
876 1176 998 1224 sunt
1023 1174 1165 1225 certa
1188 1171 1402 1238 piacula,
1428 1182 1542 1237 quoe
1563 1170 1619 1220 te

222 1235 341 1316 Ter·
384 1255 475 1291 ure
499 1236 633 1293 lecto
659 1242 901 1305 poterunt
928 1258 1155 1295 recreare
1183 1240 1363 1296 libello.

224 1305 345 1360 Invl
382 1325 458 1372 us,
484 1307 772 1372 iracundus,
799 1309 950 1376 iners,
980 1310 1202 1376 vinosus,
1229 1315 1439 1365 amator.

225 1374 397 1432 Nemo
421 1377 548 1433 adeo
574 1378 711 1433 serus
736 1384 830 1443 est,
857 1390 916 1434 ut
943 1399 1048 1434 non
1071 1380 1336 1435 mitescere
1362 1379 1542 1452 possit,

227 1446 283 1503 Si
307 1447 459 1504 modo
484 1447 698 1505 culturae
723 1450 999 1521 patientem
1026 1450 1311 1507 commodet
1336 1468 1530 1507 aurem.
1747 1445 1814 1503 40

230 1517 413 1574 Virtus
438 1525 519 1574 est
545 1521 724 1576 vitium
750 1520 926 1588 fugere
950 1527 1003 1576 et
1030 1522 1278 1592 sapientia
1300 1524 1465 1594 prima

228 1588 465 1645 Stultitia
487 1591 724 1646 caruisse.
798 1590 974 1658 Vides,
1002 1611 1116 1664 quae
1139 1593 1357 1647 maxima
1381 1590 1546 1647 credis

228 1657 359 1716 Esse
385 1661 530 1727 mala,
557 1662 800 1734 exiguum
825 1680 1032 1718 censum
1057 1671 1359 1734 turpemque
1382 1661 1656 1733 repulsam,

229 1732 436 1797 Quanto
462 1732 657 1788 devites
682 1732 837 1787 animi
860 1734 1145 1806 capitisque
1168 1733 1345 1788 labore
1368 1753 1381 1797 ;

228 1799 461 1875 Impiger
484 1807 741 1858 extremos
766 1804 926 1859 curris
950 1809 1203 1860 mercator
1227 1803 1291 1858 ad
1317 1800 1493 1868 Indos,

227 1873 332 1929 Per
354 1892 493 1929 mare
516 1874 809 1946 pauperiem
833 1874 1049 1946 fugiens,
1076 1893 1167 1944 per
1193 1891 1329 1939 saxa,
1357 1892 1449 1944 per
1471 1872 1651 1944 ignes:

228 1943 315 1999 Ne
340 1963 487 2000 cures
512 1962 586 2011 ea,
650 1963 730 1999 uae
756 1944 917 1999 stulte
942 1945 1139 1999 miraris
1164 1949 1217 1998 et
1242 1948 1409 2015 optas,

229 2013 444 2070 Discere
466 2019 519 2070 et
547 2034 611 2071 au
651 2016 720 2069 're
744 2020 797 2070 et
822 2015 1021 2069 meliori
1043 2014 1248 2071 credere
1272 2032 1379 2068 non
1400 2011 1520 2067 vis?

229 2085 360 2153 Quis
386 2085 575 2141 circum
601 2104 758 2156 pagos
784 2092 836 2141 et
862 2086 1059 2140 circum
1082 2083 1305 2156 compita
1325 2099 1543 2154 pugnax

229 2155 426 2228 Magna
448 2156 683 2211 coronari
705 2161 999 2210 contemnat
1026 2153 1277 2226 Olympia,
1306 2151 1390 2209 cui
1415 2170 1550 2222 spes,
1755 2149 1820 2205 50

231 2227 331 2282 Cui
355 2226 423 2282 sit
448 2226 676 2283 conditio
700 2225 863 2281 dulcis
888 2225 998 2280 sine
1024 2227 1232 2294 pulvere
1255 2223 1477 2295 palmae?

230 2297 400 2352 Vilius
426 2301 694 2369 argentum
719 2300 799 2351 est
823 2314 963 2359 aum,
991 2293 1271 2350 virtutibus
1297 2310 1493 2348 aurum.

233 2371 267 2396 ‘⁸
285 2367 332 2422 O
356 2367 510 2434 civeS,
536 2367 690 2433 civeS,
718 2365 992 2438 quaerenda
1014 2364 1233 2438 pecunia
1255 2364 1476 2436 primum
1500 2363 1613 2428 est;
1636 2430 1646 2442 ⁸

227 2437 413 2494 Virtus
438 2443 556 2510 post
580 2438 869 2493 nummos.”
944 2437 1076 2492 Haec
1099 2436 1131 2489 J
1135 2454 1263 2490 anus
1289 2451 1518 2489 summus
1545 2432 1608 2488 ab
1626 2449 1737 2488 amo

230 2508 501 2575 Prodocet,
527 2509 639 2563 haec
661 2508 898 2563 recinunt
920 2507 1137 2579 juvenes
1163 2505 1359 2561 dictata
1381 2521 1604 2574 senesqu
1671 2571 1681 2585 ι

230 2578 387 2635 Laevo
413 2578 652 2650 suspensi
674 2579 871 2634 loculos
896 2578 1227 2648 tabulamque
1253 2575 1461 2630 lacerto.

230 2648 330 2706 Est
354 2650 551 2705 animus
576 2647 688 2714 tibi,
714 2657 837 2704 sunt
862 2668 1030 2703 mores
1056 2653 1109 2703 et
1133 2647 1308 2717 lingua
1331 2645 1576 2716 fidesque,

234 2718 336 2776 Sed
360 2718 749 2794 quadringentis
774 2737 869 2774 sex
891 2725 1093 2790 septem
1115 2716 1275 2772 millia
1297 2715 1484 2772 desunt
1500 2737 1516 2770 z
