<?xml version="1.0" encoding="UTF-8"?>
<!DOCTYPE html PUBLIC "-//W3C//DTD XHTML 1.0 Transitional//EN"
    "http://www.w3.org/TR/xhtml1/DTD/xhtml1-transitional.dtd">
<html xmlns="http://www.w3.org/1999/xhtml" xml:lang="en" lang="en">
 <head>
  <title>
</title>
<meta http-equiv="Content-Type" content="text/html;charset=utf-8" />
  <meta name='ocr-system' content='tesseract 3.04.00' />
  <meta name='ocr-capabilities' content='ocr_page ocr_carea ocr_par ocr_line ocrx_word'/>
</head>
<body>
  <div class='ocr_page' id='page_1' title='image "./qhoratiiflaccio09horagoog_0118.png"; bbox 0 0 2031 2952; ppageno 0'>
   <div class='ocr_carea' id='block_1_1' title="bbox 317 110 415 160">
    <p class='ocr_par' dir='ltr' id='par_1_1' title="bbox 317 110 415 160">
     <span class='ocr_line' id='line_1_1' title="bbox 317 110 415 160; baseline 0.031 -3"><span class='ocrx_word' id='word_1_1' title='bbox 317 110 415 160; x_wconf 89' lang='lat'>100</span> 
     </span>
    </p>
   </div>
   <div class='ocr_carea' id='block_1_2' title="bbox 890 106 1264 157">
    <p class='ocr_par' dir='ltr' id='par_1_2' title="bbox 890 106 1264 157">
     <span class='ocr_line' id='line_1_2' title="bbox 890 106 1264 157; baseline -0.003 -1"><span class='ocrx_word' id='word_1_2' title='bbox 890 118 903 131; x_wconf 88' lang='lat'><strong>·</strong></span> <span class='ocrx_word' id='word_1_3' title='bbox 967 106 1264 157; x_wconf 84' lang='lat' dir='ltr'>HORATII</span> 
     </span>
    </p>
   </div>
   <div class='ocr_carea' id='block_1_3' title="bbox 453 224 1508 792">
    <p class='ocr_par' dir='ltr' id='par_1_3' title="bbox 453 224 1508 792">
     <span class='ocr_line' id='line_1_3' title="bbox 458 224 1298 295; baseline -0.001 -15"><span class='ocrx_word' id='word_1_4' title='bbox 458 226 532 280; x_wconf 90' lang='lat' dir='ltr'>Te</span> <span class='ocrx_word' id='word_1_5' title='bbox 558 224 775 280; x_wconf 85' lang='lat' dir='ltr'>fontium</span> <span class='ocrx_word' id='word_1_6' title='bbox 804 224 892 292; x_wconf 78' lang='lat' dir='ltr'>qui</span> <span class='ocrx_word' id='word_1_7' title='bbox 916 224 1049 279; x_wconf 87' lang='lat' dir='ltr'>celat</span> <span class='ocrx_word' id='word_1_8' title='bbox 1073 224 1298 295; x_wconf 83' lang='lat' dir='ltr'>origines</span> 
     </span>
     <span class='ocr_line' id='line_1_4' title="bbox 457 293 1508 368; baseline 0.001 -18"><span class='ocrx_word' id='word_1_9' title='bbox 457 295 716 366; x_wconf 85' lang='lat' dir='ltr'><strong>Nilusque</strong></span> <span class='ocrx_word' id='word_1_10' title='bbox 741 300 795 350; x_wconf 91' lang='lat' dir='ltr'>et</span> <span class='ocrx_word' id='word_1_11' title='bbox 821 297 977 362; x_wconf 88' lang='lat' dir='ltr'>Ister,</span> <span class='ocrx_word' id='word_1_12' title='bbox 1004 301 1059 350; x_wconf 91' lang='lat' dir='ltr'>te</span> <span class='ocrx_word' id='word_1_13' title='bbox 1083 295 1295 367; x_wconf 86' lang='lat' dir='ltr'>rapidus</span> <span class='ocrx_word' id='word_1_14' title='bbox 1320 293 1508 368; x_wconf 84' lang='lat' dir='ltr'>Tigris,</span> 
     </span>
     <span class='ocr_line' id='line_1_5' title="bbox 527 366 1239 437; baseline -0.001 -16"><span class='ocrx_word' id='word_1_15' title='bbox 527 367 601 421; x_wconf 85' lang='lat' dir='ltr'>Te</span> <span class='ocrx_word' id='word_1_16' title='bbox 625 366 889 422; x_wconf 88' lang='lat' dir='ltr'>belluosus</span> <span class='ocrx_word' id='word_1_17' title='bbox 915 366 1004 437; x_wconf 84' lang='lat' dir='ltr'>qui</span> <span class='ocrx_word' id='word_1_18' title='bbox 1030 366 1239 421; x_wconf 76' lang='lat' dir='ltr'>remotis</span> 
     </span>
     <span class='ocr_line' id='line_1_6' title="bbox 597 435 1452 509; baseline 0 -17"><span class='ocrx_word' id='word_1_19' title='bbox 597 436 873 509; x_wconf 88' lang='lat' dir='ltr'>Obstrepit</span> <span class='ocrx_word' id='word_1_20' title='bbox 897 437 1137 492; x_wconf 83' lang='lat' dir='ltr'>Oceanus</span> <span class='ocrx_word' id='word_1_21' title='bbox 1170 435 1452 492; x_wconf 75' lang='lat' dir='ltr'>Britannis·</span> 
     </span>
     <span class='ocr_line' id='line_1_7' title="bbox 453 508 1331 577; baseline 0.001 -16"><span class='ocrx_word' id='word_1_22' title='bbox 453 508 526 563; x_wconf 77' lang='lat' dir='ltr'>&#39;l&#39;e</span> <span class='ocrx_word' id='word_1_23' title='bbox 551 527 659 562; x_wconf 86' lang='lat' dir='ltr'>non</span> <span class='ocrx_word' id='word_1_24' title='bbox 684 508 917 577; x_wconf 87' lang='lat' dir='ltr'>paventis</span> <span class='ocrx_word' id='word_1_25' title='bbox 944 508 1127 563; x_wconf 86' lang='lat' dir='ltr'>funera</span> <span class='ocrx_word' id='word_1_26' title='bbox 1153 509 1331 563; x_wconf 79' lang='lat' dir='ltr'>Galliae</span> 
     </span>
     <span class='ocr_line' id='line_1_8' title="bbox 454 578 1291 649; baseline 0 -15"><span class='ocrx_word' id='word_1_27' title='bbox 454 579 716 649; x_wconf 84' lang='lat' dir='ltr'>Duraeque</span> <span class='ocrx_word' id='word_1_28' title='bbox 741 578 895 633; x_wconf 87' lang='lat' dir='ltr'>tellus</span> <span class='ocrx_word' id='word_1_29' title='bbox 922 578 1067 633; x_wconf 87' lang='lat' dir='ltr'>audit</span> <span class='ocrx_word' id='word_1_30' title='bbox 1094 579 1291 644; x_wconf 83' lang='lat' dir='ltr'>Iberiae,</span> 
     </span>
     <span class='ocr_line' id='line_1_9' title="bbox 524 649 1372 719; baseline 0 -14"><span class='ocrx_word' id='word_1_31' title='bbox 524 650 596 705; x_wconf 81' lang='lat' dir='ltr'>Te</span> <span class='ocrx_word' id='word_1_32' title='bbox 621 649 761 704; x_wconf 87' lang='lat' dir='ltr'>caede</span> <span class='ocrx_word' id='word_1_33' title='bbox 786 649 1075 719; x_wconf 79' lang='lat' dir='ltr'><strong>gaudentes</strong></span> <span class='ocrx_word' id='word_1_34' title='bbox 1102 650 1372 707; x_wconf 64' lang='lat' dir='ltr'>Sueambrl</span> 
     </span>
     <span class='ocr_line' id='line_1_10' title="bbox 593 719 1445 792; baseline 0.005 -18"><span class='ocrx_word' id='word_1_35' title='bbox 593 719 910 792; x_wconf 81' lang='lat' dir='ltr'>Compositis</span> <span class='ocrx_word' id='word_1_36' title='bbox 933 726 1248 777; x_wconf 83' lang='lat' dir='ltr'>venerantur</span> <span class='ocrx_word' id='word_1_37' title='bbox 1273 722 1445 778; x_wconf 83' lang='lat' dir='ltr'>armis.</span> 
     </span>
    </p>
   </div>
   <div class='ocr_carea' id='block_1_4' title="bbox 580 955 1638 1013">
    <p class='ocr_par' dir='ltr' id='par_1_4' title="bbox 580 955 1638 1013">
     <span class='ocr_line' id='line_1_11' title="bbox 580 955 1638 1013; baseline 0 -3"><span class='ocrx_word' id='word_1_38' title='bbox 580 955 897 1012; x_wconf 86' lang='lat' dir='ltr'><strong>CARMEN</strong></span> <span class='ocrx_word' id='word_1_39' title='bbox 932 956 1373 1013; x_wconf 73' lang='lat' dir='ltr'>XV.—Auouszr1</span> <span class='ocrx_word' id='word_1_40' title='bbox 1409 971 1638 1011; x_wconf 78' lang='lat' dir='ltr'><strong>LAUDEs.</strong></span> 
     </span>
    </p>
   </div>
   <div class='ocr_carea' id='block_1_5' title="bbox 445 1052 1587 2754">
    <p class='ocr_par' dir='ltr' id='par_1_5' title="bbox 445 1052 1587 2754">
     <span class='ocr_line' id='line_1_12' title="bbox 453 1052 1458 1127; baseline -0.002 -18"><span class='ocrx_word' id='word_1_41' title='bbox 453 1054 699 1111; x_wconf 76' lang='lat' dir='ltr'>PHOEBUS</span> <span class='ocrx_word' id='word_1_42' title='bbox 725 1055 981 1110; x_wconf 86' lang='lat' dir='ltr'>volentem</span> <span class='ocrx_word' id='word_1_43' title='bbox 1006 1055 1187 1127; x_wconf 86' lang='lat' dir='ltr'>proelia</span> <span class='ocrx_word' id='word_1_44' title='bbox 1208 1074 1291 1109; x_wconf 89' lang='lat' dir='ltr'>me</span> <span class='ocrx_word' id='word_1_45' title='bbox 1317 1052 1458 1124; x_wconf 89' lang='lat' dir='ltr'>loqui</span> 
     </span>
     <span class='ocr_line' id='line_1_13' title="bbox 451 1125 1325 1197; baseline -0.002 -17"><span class='ocrx_word' id='word_1_46' title='bbox 451 1125 634 1180; x_wconf 85' lang='lat' dir='ltr'>Victas</span> <span class='ocrx_word' id='word_1_47' title='bbox 659 1131 714 1182; x_wconf 88' lang='lat' dir='ltr'>et</span> <span class='ocrx_word' id='word_1_48' title='bbox 740 1126 892 1180; x_wconf 85' lang='lat' dir='ltr'>urbes</span> <span class='ocrx_word' id='word_1_49' title='bbox 919 1126 1176 1197; x_wconf 79' lang='lat' dir='ltr'>increpuit</span> <span class='ocrx_word' id='word_1_50' title='bbox 1201 1125 1325 1193; x_wconf 82' lang='lat' dir='ltr'>lyra,</span> 
     </span>
     <span class='ocr_line' id='line_1_14' title="bbox 520 1196 1454 1267; baseline -0.005 -15"><span class='ocrx_word' id='word_1_51' title='bbox 520 1196 606 1252; x_wconf 92' lang='lat' dir='ltr'>Ne</span> <span class='ocrx_word' id='word_1_52' title='bbox 631 1217 793 1260; x_wconf 83' lang='lat' dir='ltr'>parva.</span> <span class='ocrx_word' id='word_1_53' title='bbox 814 1196 1137 1267; x_wconf 85' lang='lat' dir='ltr'>Tyrrhenum</span> <span class='ocrx_word' id='word_1_54' title='bbox 1162 1215 1254 1267; x_wconf 89' lang='lat' dir='ltr'>per</span> <span class='ocrx_word' id='word_1_55' title='bbox 1280 1212 1454 1265; x_wconf 80' lang='lat' dir='ltr'>aequor</span> 
     </span>
     <span class='ocr_line' id='line_1_15' title="bbox 596 1268 1513 1333; baseline -0.004 -11"><span class='ocrx_word' id='word_1_56' title='bbox 596 1268 726 1322; x_wconf 91' lang='lat' dir='ltr'>Vela</span> <span class='ocrx_word' id='word_1_57' title='bbox 751 1268 941 1323; x_wconf 84' lang='lat' dir='ltr'>darem.</span> <span class='ocrx_word' id='word_1_58' title='bbox 1015 1268 1144 1333; x_wconf 87' lang='lat' dir='ltr'>Tua,</span> <span class='ocrx_word' id='word_1_59' title='bbox 1173 1268 1358 1330; x_wconf 86' lang='lat' dir='ltr'>Caesar‚</span> <span class='ocrx_word' id='word_1_60' title='bbox 1387 1270 1513 1320; x_wconf 86' lang='lat' dir='ltr'>aetas</span> 
     </span>
     <span class='ocr_line' id='line_1_16' title="bbox 456 1337 1334 1407; baseline -0.001 -13"><span class='ocrx_word' id='word_1_61' title='bbox 456 1337 656 1407; x_wconf 70' lang='lat' dir='ltr'>Fruges</span> <span class='ocrx_word' id='word_1_62' title='bbox 681 1343 734 1393; x_wconf 89' lang='lat' dir='ltr'>et</span> <span class='ocrx_word' id='word_1_63' title='bbox 757 1340 894 1407; x_wconf 77' lang='lat' dir='ltr'>agris</span> <span class='ocrx_word' id='word_1_64' title='bbox 921 1339 1125 1394; x_wconf 84' lang='lat' dir='ltr'>rettulit</span> <span class='ocrx_word' id='word_1_65' title='bbox 1150 1337 1334 1393; x_wconf 83' lang='lat' dir='ltr'>uberes</span> 
     </span>
     <span class='ocr_line' id='line_1_17' title="bbox 454 1408 1305 1479; baseline -0.002 -15"><span class='ocrx_word' id='word_1_66' title='bbox 454 1410 524 1465; x_wconf 78' lang='lat' dir='ltr'>Et</span> <span class='ocrx_word' id='word_1_67' title='bbox 551 1410 697 1479; x_wconf 72' lang='lat' dir='ltr'>signa</span> <span class='ocrx_word' id='word_1_68' title='bbox 720 1415 900 1464; x_wconf 91' lang='lat' dir='ltr'>nostro</span> <span class='ocrx_word' id='word_1_69' title='bbox 923 1409 1157 1464; x_wconf 87' lang='lat' dir='ltr'>restituit</span> <span class='ocrx_word' id='word_1_70' title='bbox 1184 1410 1218 1463; x_wconf 86' lang='lat' dir='ltr'><strong>J</strong></span> <span class='ocrx_word' id='word_1_71' title='bbox 1220 1408 1305 1463; x_wconf 85' lang='lat' dir='ltr'>ovi</span> 
     </span>
     <span class='ocr_line' id='line_1_18' title="bbox 527 1479 1353 1552; baseline -0.001 -16"><span class='ocrx_word' id='word_1_72' title='bbox 527 1481 759 1552; x_wconf 76' lang='lat' dir='ltr'>Det-epta.</span> <span class='ocrx_word' id='word_1_73' title='bbox 784 1482 1093 1537; x_wconf 81' lang='lat' dir='ltr'><strong>Parthorum</strong></span> <span class='ocrx_word' id='word_1_74' title='bbox 1119 1479 1353 1550; x_wconf 83' lang='lat' dir='ltr'>superbis</span> 
     </span>
     <span class='ocr_line' id='line_1_19' title="bbox 591 1550 1369 1607; baseline 0.001 -1"><span class='ocrx_word' id='word_1_75' title='bbox 591 1551 838 1606; x_wconf 80' lang='lat' dir='ltr'><strong>Postibus</strong></span> <span class='ocrx_word' id='word_1_76' title='bbox 863 1557 916 1606; x_wconf 92' lang='lat' dir='ltr'>et</span> <span class='ocrx_word' id='word_1_77' title='bbox 939 1571 1162 1607; x_wconf 88' lang='lat' dir='ltr'>vacuum</span> <span class='ocrx_word' id='word_1_78' title='bbox 1186 1550 1369 1607; x_wconf 86' lang='lat' dir='ltr'>duellis</span> 
     </span>
     <span class='ocr_line' id='line_1_20' title="bbox 450 1621 1411 1694; baseline 0 -19"><span class='ocrx_word' id='word_1_79' title='bbox 450 1621 486 1674; x_wconf 87' lang='lat' dir='ltr'><strong>J</strong></span> <span class='ocrx_word' id='word_1_80' title='bbox 486 1642 638 1676; x_wconf 87' lang='lat' dir='ltr'>anum</span> <span class='ocrx_word' id='word_1_81' title='bbox 663 1621 876 1694; x_wconf 49' lang='lat' dir='ltr'>Quirini,</span> <span class='ocrx_word' id='word_1_82' title='bbox 893 1622 1079 1678; x_wconf 82' lang='lat' dir='ltr'>clausit</span> <span class='ocrx_word' id='word_1_83' title='bbox 1102 1628 1154 1677; x_wconf 91' lang='lat' dir='ltr'>et</span> <span class='ocrx_word' id='word_1_84' title='bbox 1178 1621 1411 1676; x_wconf 87' lang='lat' dir='ltr'>ordinem</span> 
     </span>
     <span class='ocr_line' id='line_1_21' title="bbox 453 1693 1358 1764; baseline -0.001 -15"><span class='ocrx_word' id='word_1_85' title='bbox 453 1695 676 1749; x_wconf 84' lang='lat' dir='ltr'>Rectum</span> <span class='ocrx_word' id='word_1_86' title='bbox 704 1694 943 1764; x_wconf 77' lang='lat' dir='ltr'>evaganti</span> <span class='ocrx_word' id='word_1_87' title='bbox 968 1694 1113 1748; x_wconf 85' lang='lat' dir='ltr'>frena</span> <span class='ocrx_word' id='word_1_88' title='bbox 1137 1693 1358 1748; x_wconf 84' lang='lat' dir='ltr'>licentiae</span> 
     </span>
     <span class='ocr_line' id='line_1_22' title="bbox 517 1764 1228 1835; baseline 0.001 -18"><span class='ocrx_word' id='word_1_89' title='bbox 517 1764 705 1818; x_wconf 84' lang='lat' dir='ltr'>In‘ecit</span> <span class='ocrx_word' id='word_1_90' title='bbox 730 1764 1025 1835; x_wconf 78' lang='lat' dir='ltr'>emovitque</span> <span class='ocrx_word' id='word_1_91' title='bbox 1051 1764 1228 1834; x_wconf 83' lang='lat' dir='ltr'>culpas</span> 
     </span>
     <span class='ocr_line' id='line_1_23' title="bbox 639 1836 1354 1899; baseline 0.001 -11"><span class='ocrx_word' id='word_1_92' title='bbox 639 1839 663 1888; x_wconf 92' lang='lat' dir='ltr'>t</span> <span class='ocrx_word' id='word_1_93' title='bbox 686 1840 888 1890; x_wconf 87' lang='lat' dir='ltr'>veteres</span> <span class='ocrx_word' id='word_1_94' title='bbox 913 1836 1176 1890; x_wconf 89' lang='lat' dir='ltr'>revocavit</span> <span class='ocrx_word' id='word_1_95' title='bbox 1201 1837 1354 1899; x_wconf 74' lang='lat' dir='ltr'>arteS,</span> 
     </span>
     <span class='ocr_line' id='line_1_24' title="bbox 448 1904 1434 1976; baseline 0 -16"><span class='ocrx_word' id='word_1_96' title='bbox 448 1906 551 1960; x_wconf 90' lang='lat' dir='ltr'>Per</span> <span class='ocrx_word' id='word_1_97' title='bbox 575 1924 701 1976; x_wconf 86' lang='lat' dir='ltr'>quas</span> <span class='ocrx_word' id='word_1_98' title='bbox 726 1904 971 1959; x_wconf 85' lang='lat' dir='ltr'>Latinum</span> <span class='ocrx_word' id='word_1_99' title='bbox 997 1924 1184 1960; x_wconf 89' lang='lat' dir='ltr'>nomen</span> <span class='ocrx_word' id='word_1_100' title='bbox 1209 1910 1261 1958; x_wconf 90' lang='lat' dir='ltr'>et</span> <span class='ocrx_word' id='word_1_101' title='bbox 1288 1905 1434 1960; x_wconf 79' lang='lat' dir='ltr'>Italae</span> 
     </span>
     <span class='ocr_line' id='line_1_25' title="bbox 450 1976 1375 2047; baseline -0.001 -15"><span class='ocrx_word' id='word_1_102' title='bbox 450 1976 672 2032; x_wconf 86' lang='lat' dir='ltr'>Crevere</span> <span class='ocrx_word' id='word_1_103' title='bbox 695 1976 830 2031; x_wconf 84' lang='lat' dir='ltr'>vires</span> <span class='ocrx_word' id='word_1_104' title='bbox 856 1976 1090 2047; x_wconf 86' lang='lat' dir='ltr'><strong>famaque</strong></span> <span class='ocrx_word' id='word_1_105' title='bbox 1115 1982 1168 2032; x_wconf 88' lang='lat' dir='ltr'>et</span> <span class='ocrx_word' id='word_1_106' title='bbox 1195 1977 1375 2047; x_wconf 78' lang='lat' dir='ltr'>imperi</span> 
     </span>
     <span class='ocr_line' id='line_1_26' title="bbox 515 2046 1288 2111; baseline 0 -10"><span class='ocrx_word' id='word_1_107' title='bbox 515 2047 764 2101; x_wconf 68' lang='lat' dir='ltr'>Por-recta</span> <span class='ocrx_word' id='word_1_108' title='bbox 788 2046 1027 2111; x_wconf 78' lang='lat' dir='ltr'>maiestas</span> <span class='ocrx_word' id='word_1_109' title='bbox 1054 2046 1118 2102; x_wconf 85' lang='lat' dir='ltr'>ad</span> <span class='ocrx_word' id='word_1_110' title='bbox 1142 2051 1288 2102; x_wconf 85' lang='lat' dir='ltr'>ortus</span> 
     </span>
     <span class='ocr_line' id='line_1_27' title="bbox 591 2117 1294 2189; baseline -0.001 -18"><span class='ocrx_word' id='word_1_111' title='bbox 591 2118 724 2171; x_wconf 83' lang='lat' dir='ltr'>Solis</span> <span class='ocrx_word' id='word_1_112' title='bbox 752 2117 814 2172; x_wconf 88' lang='lat' dir='ltr'>ab</span> <span class='ocrx_word' id='word_1_113' title='bbox 840 2118 1100 2189; x_wconf 90' lang='lat' dir='ltr'>Hesperio</span> <span class='ocrx_word' id='word_1_114' title='bbox 1125 2117 1294 2172; x_wconf 92' lang='lat' dir='ltr'>cubili.</span> 
     </span>
     <span class='ocr_line' id='line_1_28' title="bbox 449 2187 1398 2243; baseline 0 -2"><span class='ocrx_word' id='word_1_115' title='bbox 449 2187 681 2243; x_wconf 77' lang='lat' dir='ltr'><strong>Custode</strong></span> <span class='ocrx_word' id='word_1_116' title='bbox 706 2206 875 2243; x_wconf 85' lang='lat' dir='ltr'>rerum</span> <span class='ocrx_word' id='word_1_117' title='bbox 903 2188 1104 2243; x_wconf 84' lang='lat' dir='ltr'>Caesare</span> <span class='ocrx_word' id='word_1_118' title='bbox 1128 2207 1229 2242; x_wconf 88' lang='lat' dir='ltr'>non</span> <span class='ocrx_word' id='word_1_119' title='bbox 1255 2187 1398 2242; x_wconf 85' lang='lat' dir='ltr'>furor</span> 
     </span>
     <span class='ocr_line' id='line_1_29' title="bbox 448 2257 1251 2330; baseline 0 -17"><span class='ocrx_word' id='word_1_120' title='bbox 448 2257 627 2313; x_wconf 83' lang='lat' dir='ltr'>Civilis</span> <span class='ocrx_word' id='word_1_121' title='bbox 653 2263 743 2313; x_wconf 89' lang='lat' dir='ltr'>aut</span> <span class='ocrx_word' id='word_1_122' title='bbox 770 2258 844 2313; x_wconf 88' lang='lat' dir='ltr'>vis</span> <span class='ocrx_word' id='word_1_123' title='bbox 870 2258 1045 2330; x_wconf 81' lang='lat' dir='ltr'>exiget</span> <span class='ocrx_word' id='word_1_124' title='bbox 1072 2261 1251 2323; x_wconf 87' lang='lat' dir='ltr'>otium,</span> 
     </span>
     <span class='ocr_line' id='line_1_30' title="bbox 520 2328 1338 2401; baseline -0.002 -17"><span class='ocrx_word' id='word_1_125' title='bbox 520 2329 640 2384; x_wconf 91' lang='lat' dir='ltr'>Non</span> <span class='ocrx_word' id='word_1_126' title='bbox 667 2329 756 2393; x_wconf 91' lang='lat' dir='ltr'>ira,</span> <span class='ocrx_word' id='word_1_127' title='bbox 785 2348 899 2401; x_wconf 79' lang='lat' dir='ltr'>quae</span> <span class='ocrx_word' id='word_1_128' title='bbox 923 2328 1162 2400; x_wconf 82' lang='lat' dir='ltr'>procudit</span> <span class='ocrx_word' id='word_1_129' title='bbox 1188 2347 1338 2384; x_wconf 89' lang='lat' dir='ltr'><strong>enses</strong></span> 
     </span>
     <span class='ocr_line' id='line_1_31' title="bbox 583 2399 1337 2455; baseline 0 -2"><span class='ocrx_word' id='word_1_130' title='bbox 583 2399 655 2453; x_wconf 85' lang='lat' dir='ltr'>Et</span> <span class='ocrx_word' id='word_1_131' title='bbox 680 2400 889 2455; x_wconf 87' lang='lat' dir='ltr'>miseras</span> <span class='ocrx_word' id='word_1_132' title='bbox 915 2400 1144 2455; x_wconf 77' lang='lat' dir='ltr'>inimicat</span> <span class='ocrx_word' id='word_1_133' title='bbox 1160 2400 1337 2454; x_wconf 80' lang='lat' dir='ltr'>urbes.</span> 
     </span>
     <span class='ocr_line' id='line_1_32' title="bbox 446 2468 1587 2541; baseline 0.004 -19"><span class='ocrx_word' id='word_1_134' title='bbox 446 2468 587 2534; x_wconf 92' lang='lat' dir='ltr'>Non,</span> <span class='ocrx_word' id='word_1_135' title='bbox 614 2471 700 2541; x_wconf 90' lang='lat' dir='ltr'>qui</span> <span class='ocrx_word' id='word_1_136' title='bbox 726 2470 1039 2541; x_wconf 88' lang='lat' dir='ltr'>profundum</span> <span class='ocrx_word' id='word_1_137' title='bbox 1065 2470 1359 2525; x_wconf 88' lang='lat' dir='ltr'>Danubium</span> <span class='ocrx_word' id='word_1_138' title='bbox 1385 2470 1587 2538; x_wconf 85' lang='lat' dir='ltr'>bibunt,</span> 
     </span>
     <span class='ocr_line' id='line_1_33' title="bbox 445 2538 1396 2609; baseline 0.004 -15"><span class='ocrx_word' id='word_1_139' title='bbox 445 2538 634 2594; x_wconf 82' lang='lat' dir='ltr'>Edicta</span> <span class='ocrx_word' id='word_1_140' title='bbox 657 2544 897 2609; x_wconf 85' lang='lat' dir='ltr'>rumpent</span> <span class='ocrx_word' id='word_1_141' title='bbox 920 2542 954 2595; x_wconf 86' lang='lat' dir='ltr'><strong>J</strong></span> <span class='ocrx_word' id='word_1_142' title='bbox 958 2540 1075 2605; x_wconf 88' lang='lat' dir='ltr'>ulia,</span> <span class='ocrx_word' id='word_1_143' title='bbox 1104 2560 1208 2594; x_wconf 86' lang='lat' dir='ltr'>non</span> <span class='ocrx_word' id='word_1_144' title='bbox 1234 2542 1396 2608; x_wconf 75' lang='lat' dir='ltr'>Getae,</span> 
     </span>
     <span class='ocr_line' id='line_1_34' title="bbox 517 2610 1281 2676; baseline 0.001 -11"><span class='ocrx_word' id='word_1_145' title='bbox 517 2610 644 2665; x_wconf 91' lang='lat' dir='ltr'>Non</span> <span class='ocrx_word' id='word_1_146' title='bbox 670 2610 819 2665; x_wconf 89' lang='lat' dir='ltr'><strong>Seres</strong></span> <span class='ocrx_word' id='word_1_147' title='bbox 843 2610 1049 2665; x_wconf 86' lang='lat' dir='ltr'>infidive</span> <span class='ocrx_word' id='word_1_148' title='bbox 1076 2612 1281 2676; x_wconf 84' lang='lat' dir='ltr'><strong>Persae,·</strong></span> 
     </span>
     <span class='ocr_line' id='line_1_35' title="bbox 582 2680 1477 2754; baseline 0.003 -20"><span class='ocrx_word' id='word_1_149' title='bbox 582 2680 708 2754; x_wconf 68' lang='lat' dir='ltr'>Non</span> <span class='ocrx_word' id='word_1_150' title='bbox 733 2680 931 2735; x_wconf 74' lang='lat' dir='ltr'>Tanain</span> <span class='ocrx_word' id='word_1_151' title='bbox 955 2699 1117 2752; x_wconf 90' lang='lat' dir='ltr'>prope</span> <span class='ocrx_word' id='word_1_152' title='bbox 1141 2682 1334 2737; x_wconf 88' lang='lat' dir='ltr'>flumen</span> <span class='ocrx_word' id='word_1_153' title='bbox 1359 2683 1477 2737; x_wconf 79' lang='lat' dir='ltr'>orti.</span> 
     </span>
    </p>
   </div>
   <div class='ocr_carea' id='block_1_6' title="bbox 1856 585 1931 639">
    <p class='ocr_par' dir='ltr' id='par_1_6' title="bbox 1856 585 1931 639">
     <span class='ocr_line' id='line_1_36' title="bbox 1856 585 1931 639; baseline 0.013 -1"><span class='ocrx_word' id='word_1_154' title='bbox 1856 585 1931 639; x_wconf 89' lang='lat'>50</span> 
     </span>
    </p>
   </div>
   <div class='ocr_carea' id='block_1_7' title="bbox 1848 1693 1919 1748">
    <p class='ocr_par' dir='ltr' id='par_1_7' title="bbox 1848 1693 1919 1748">
     <span class='ocr_line' id='line_1_37' title="bbox 1848 1693 1919 1748; baseline 0.028 -2"><span class='ocrx_word' id='word_1_155' title='bbox 1848 1693 1919 1748; x_wconf 90' lang='lat'>10</span> 
     </span>
    </p>
   </div>
   <div class='ocr_carea' id='block_1_8' title="bbox 1840 2405 1912 2458">
    <p class='ocr_par' dir='ltr' id='par_1_8' title="bbox 1840 2405 1912 2458">
     <span class='ocr_line' id='line_1_38' title="bbox 1840 2405 1912 2458; baseline 0.014 -1"><span class='ocrx_word' id='word_1_156' title='bbox 1840 2405 1912 2458; x_wconf 80' lang='lat'>20</span> 
     </span>
    </p>
   </div>
  </div>
 </body>
</html>
