2031 2952
598 116 982 174 CARMmuM
1017 120 1061 174 1.
1094 125 1144 184 3,
1177 124 1226 174 4.
1337 84 1341 87 Α
1680 118 1720 180 '7

322 263 498 322 Terris
522 261 762 320 incubuit
787 260 989 330 eohorS,

399 335 698 407 Semotique
722 332 866 406 prius
890 331 1042 389 tarda
1064 330 1352 389 necessitas

321 406 445 463 Leti
468 404 718 478 corripuit
742 404 976 478 gradum.

394 478 657 548 Expertus
681 492 906 533 vaenum
927 472 1177 532 Daedalus
1204 478 1326 531 aera
1431 531 1437 535 .

274 548 518 605 §Pennis
539 567 646 603 non
668 546 866 602 homini
891 546 1061 614 datis;

390 619 635 690 Perrupit
659 618 959 674 Acheronta
980 614 1278 674 Herculeus
1300 614 1462 674 labor.

322 689 418 747 Nil
439 688 746 746 mortalibus
771 687 921 744 ardui
943 692 1025 743 est
1043 711 1060 756 3

394 760 594 817 Coelum
619 761 792 832 ipsum
813 758 1041 832 petimus
1066 757 1309 827 stultitia,
1335 776 1501 835 neque

321 832 428 888 Per
450 835 686 888 nostrum
708 830 938 903 patimur
961 829 1133 886 scelus

390 901 654 959 Iracunda
675 902 707 958 J
713 919 865 960 ovem
889 917 1082 974 ponere
1106 899 1337 961 fulmina.
1643 901 1715 958 420

425 1106 742 1164 CARMEN
782 1069 1029 1165 Πᾶς-ΑΒ
1068 1121 1113 1162 L.
1140 1120 1391 1164 smmum.

110 1243 394 1300 Sonvrrun
417 1242 548 1298 acris
574 1241 738 1297 hiems
764 1243 915 1311 grata
937 1240 1052 1295 viee
1075 1239 1213 1295 veris
1238 1244 1292 1295 et
1319 1240 1535 1308 Favoni,
1579 1298 1600 1307 ,

250 1305 587 1385 Trahuntque
613 1312 776 1368 siccas
801 1310 1050 1366 maehinae
1073 1311 1289 1366 carinas.
1379 1324 1422 1380 Α
1445 1325 1510 1361 rc.
1537 1308 1607 1356 a&
1640 1317 1798 1352 ”ww
1906 1335 1914 1341 —

105 1386 188 1442 Ae
212 1403 380 1457 neque
400 1384 504 1456 jam
531 1382 753 1440 stabulis
815 1381 974 1438 audet
997 1400 1156 1454 pecus
1184 1387 1275 1438 aut
1301 1385 1473 1438 arator
1497 1380 1606 1455 igni
1626 1403 1641 1449 ;

248 1457 367 1512 Nee
390 1458 540 1529 prata
563 1453 704 1511 canis
730 1452 781 1509 al
822 1454 960 1509 icant
983 1453 1203 1527 pruinis·
1456 1470 1465 1482 ·

104 1529 143 1583 J
146 1547 229 1583 am
254 1527 512 1599 Cytherea
535 1526 720 1583 choros
745 1524 894 1581 ducit
920 1525 1103 1581 Venus
1127 1524 1431 1581 imminente
1456 1525 1625 1591 Luna,

249 1599 285 1653 J
287 1602 560 1670 unetaeque
583 1597 843 1669 Nymphis
870 1597 1067 1652 Gratiae
1094 1595 1339 1652 decentes

104 1669 326 1726 Alterno
349 1673 542 1724 terram
568 1668 818 1740 quatiunt
843 1667 989 1740 pede,
1021 1667 1144 1722 dum
1168 1686 1357 1740 graves
1381 1666 1668 1738 Cyclopum

250 1739 520 1796 Vulcanus
545 1739 731 1795 ardens
756 1738 868 1794 urit
895 1739 1140 1807 officinas,

103 1812 268 1868 Nune
293 1810 442 1867 decet
469 1813 559 1866 aut
583 1810 738 1866 viridi
762 1809 993 1865 nitidum
1017 1813 1174 1881 caput
1199 1806 1448 1882 impedire
1463 1810 1645 1881 myrto

250 1884 361 1937 Aut
384 1882 529 1948 flore,
553 1885 706 1937 t-errae
731 1899 887 1952 quem
912 1881 1091 1936 ferunt
1117 1880 1319 1936 solutae.
1645 1879 1715 1933 10

102 1954 269 2011 Nune
294 1959 347 2008 et
370 1954 425 2008 in
449 1951 705 2007 umbrosis
732 1952 917 2006 Fauno
944 1950 1093 2006 decet
1117 1951 1379 2006 immolare
1404 1948 1553 2016 luem,

251 2025 356 2080 Seu
379 2026 559 2096 poseat
585 2031 753 2095 agnae
780 2023 889 2077 siv’e
913 2022 1060 2076 malit
1086 2022 1248 2077 haedo.

102 2094 313 2152 Pallida
337 2096 488 2149 Mors
511 2111 659 2166 aequo
682 2092 856 2165 pulsat
879 2092 1011 2161 pede
1038 2110 1325 2164 pauperum
1348 2088 1591 2149 tabernas

250 2168 562 2237 Regumque
586 2169 779 2219 turreS.
856 2163 904 2218 O
929 2162 1081 2218 beate
1109 2164 1265 2228 Sesti,

102 2236 249 2293 Vitae
274 2254 477 2291 summa
500 2235 670 2290 brevis
695 2252 839 2306 spem
865 2251 961 2288 nos
986 2236 1131 2288 vetat
1157 2232 1395 2287 inchoare
1419 2230 1644 2304 longam.

249 2308 286 2361 J
288 2326 369 2362 am
393 2310 447 2361 te
471 2309 675 2377 premet
697 2323 807 2359 nox
829 2302 1126 2375 fabulaeque
1152 2301 1339 2357 Manes
1605 2337 1608 2338 ν

101 2379 177 2435 Et
204 2378 391 2434 domus
417 2377 570 2431 exilis
595 2374 843 2430 Plutonia
858 2397 873 2442 ;
913 2391 1017 2446 quo
1044 2374 1199 2429 simul
1222 2374 1427 2440 meariS‚

250 2449 369 2504 Nee
394 2465 555 2519 regna
576 2446 692 2502 vini-
714 2446 936 2501 sortiere
959 2444 1098 2513 talis,

99 2519 225 2578 Nee
249 2523 490 2575 tenerum
513 2516 753 2600 Lycidan
774 2514 1045 2583 mirabere,
1072 2534 1176 2589 quo
1202 2514 1336 2574 calet
1356 2514 1605 2589 juventus

254 2590 417 2648 Nune
442 2606 611 2647 omms
635 2591 692 2643 et
716 2603 840 2644 mox
861 2586 1091 2660 virgines
1116 2586 1383 2662 tepebunt.
1648 2584 1717 2642 20

654 2725 1159 2781 oagnam...hoedum
