2031 2952
317 84 418 138 176
974 83 1272 135 HORATII

318 195 335 223 ‘
348 191 540 248 Nonne
554 188 722 248 'vides'
746 221 818 234 —
839 191 1023 264 aliquis
1047 190 1224 246 cubito
1250 192 1476 247 stantem
1498 209 1661 266 prope
1682 193 1947 266 tangens

320 262 531 335 Inquiet
555 293 640 329 —,
670 267 761 318 ‘ut
786 263 1000 334 patiens,
1028 267 1088 316 ut
1114 262 1289 317 amicis
1314 266 1481 334 aptus,
1510 268 1570 318 ut
1594 281 1713 321 acer
1730 267 1785 322 P’

322 332 510 389 Plures
534 331 797 389 adnabunt
821 333 1007 388 thunni
1032 337 1086 388 et
1111 333 1303 388 cetaria
1326 338 1574 390 crescent.

324 402 382 459 Si
407 403 493 459 cui
516 409 764 474 praeterea
786 403 985 460 validus
1009 403 1142 459 male
1165 403 1302 459 filius
1326 404 1381 459 in
1403 422 1482 460 re·

323 473 585 530 Praeclara
608 474 842 530 sublatus
867 474 1051 540 aletur,
1075 493 1142 529 ne
1164 474 1496 530 manifestum

321 543 529 600 Caelibis
552 545 856 617 obsequium
880 544 1045 600 nudet
1068 549 1142 610 te,
1167 544 1352 601 leniter
1373 546 1431 600 in
1454 563 1601 616 spem

319 614 528 685 Adrepe
552 616 824 681 officiosus,
849 620 910 670 ut
936 621 991 671 et
1015 614 1240 671 scribare
1263 615 1521 671 secundus

319 685 493 741 Heres
517 689 588 753 et,
615 685 661 741 si
685 686 800 758 quis
823 704 972 742 casus
998 705 1216 758 puerum
1240 686 1404 759 egerit
1428 686 1583 755 Orcn,

320 754 391 811 In
414 774 632 812 vacuum
656 756 830 811 venias
853 776 869 822 ;
905 775 1114 829 perraro
1138 757 1247 812 haec
1272 757 1382 812 alea
1403 756 1554 813 fallit.
1873 763 1951 817 50

321 826 429 895 Qui
451 830 821 882 testamentum
843 826 1017 883 tradet
1039 826 1138 883 tibi
1161 846 1364 898 cunque
1389 827 1682 899 legendum,

321 897 567 953 Abnuere
591 902 644 953 et
669 898 872 953 tabulas
896 915 929 952 a
951 901 1006 953 te
1029 915 1293 953 removere
1317 904 1590 964 mementO,

324 968 411 1024 Sic
433 972 623 1035 tamen,
651 975 711 1023 ut
734 967 869 1024 limis
892 968 1081 1040 rapias,
1142 968 1233 1024 nid
1255 968 1420 1040 prima
1442 968 1671 1025 secundo

325 1038 461 1094 Cera
482 1038 608 1094 velit
632 1058 817 1107 versu3
856 1038 996 1095 solus
1021 1058 1110 1094 mu
1130 1039 1266 1094 tisne
1291 1040 1517 1105 cohereS,

322 1108 510 1165 Veloci
532 1127 774 1181 percurre
799 1110 965 1166 oculo.
1037 1108 1348 1181 Plerumque
1373 1114 1611 1165 recoctus

325 1179 506 1236 Scriba
529 1198 595 1235 ex
619 1180 955 1251 quinqueviro
979 1197 1191 1236 corvum
1218 1179 1426 1235 deludet
1450 1180 1697 1246 hiantem,

326 1250 405 1305 Ca
441 1254 684 1322 tatorque
709 1250 853 1307 dabit
877 1250 1013 1306 risus
1038 1250 1235 1306 Nasica
1258 1250 1513 1306 Corano.”

325 1325 361 1351 “
433 1340 520 1375 um
544 1320 714 1376 furis?
752 1339 818 1376 an
840 1320 1066 1404 prudens
1090 1320 1228 1377 ludis
1252 1339 1335 1376 me
1358 1320 1578 1377 obscura
1602 1321 1852 1381 canendo
1869 1324 1942 1383 ?”

325 1394 363 1420 “
377 1390 425 1445 Ο
449 1391 741 1459 Laertiade,
770 1391 1020 1465 quidquid
1043 1391 1223 1458 dicam,
1250 1396 1341 1446 aut
1365 1391 1465 1447 erit
1492 1396 1583 1447 aut
1608 1408 1746 1449 non:

323 1460 572 1518 Divinare
595 1462 789 1519 etenim
812 1483 1029 1533 magnus
1055 1462 1180 1518 mihi
1203 1461 1361 1518 donat
1383 1461 1591 1535 Apollo.
1866 1468 1938 1523 60

328 1537 365 1561 “
382 1532 523 1601 Quid
546 1537 720 1589 tamen
741 1533 845 1589 ista
867 1534 991 1590 velit
1018 1533 1117 1589 sibi
1141 1533 1331 1600 fabula,
1357 1532 1401 1589 si
1425 1534 1563 1601 licet,
1590 1531 1739 1588 ede.’'

328 1602 630 1674 “Tempore
653 1622 758 1676 quo
775 1605 983 1675 ,iuvenis
1007 1604 1217 1659 Parthis
1240 1603 1542 1671 horrendus,
1567 1603 1631 1660 ab
1656 1602 1769 1659 alto

325 1673 626 1729 Demissum
649 1693 814 1745 genus
838 1674 1021 1740 AEnea,
1046 1674 1231 1730 tellure
1255 1674 1483 1747 marique

325 1744 555 1817 Magnus
579 1745 695 1811 erit,
723 1744 845 1801 forti
869 1745 1033 1801 nubet
1058 1764 1272 1817 procera
1295 1745 1499 1801 Corano

327 1815 460 1871 Filia
483 1815 704 1882 Nasicae‚
732 1815 1009 1871 metuentis
1033 1814 1248 1871 reddere
1274 1814 1494 1872 soldum.

327 1886 465 1941 Tum
488 1904 646 1957 gener
668 1886 771 1941 hoc
791 1885 975 1942 faciet:
1014 1885 1218 1942 tabulas
1242 1903 1418 1941 socero
1444 1884 1586 1942 dabit
1609 1887 1766 1959 atque

329 1957 409 2013 Ut
433 1956 573 2038 legat
597 1956 797 2022 orabit3
834 1956 1057 2012 multum
1081 1956 1276 2013 Nasica
1297 1962 1513 2029 negatas

327 2027 567 2099 Accipiet
591 2026 798 2082 tandem
823 2033 878 2082 et
902 2028 1096 2083 tacitus
1120 2028 1275 2098 leget,
1301 2027 1634 2099 invenietque
1985 2021 1988 2064 l

329 2098 422 2154 Nil
447 2097 545 2153 sibi
570 2097 795 2170 legatum
820 2102 1009 2170 praeter
1068 2098 1233 2154 lorare
1257 2098 1366 2154 suis
1403 2116 1483 2153 ue.
1984 2075 1986 2140 i

332 2167 476 2224 Illud
499 2167 566 2223 ad
587 2168 696 2224 haec
711 2169 903 2238 jubeo:
942 2188 991 2223 m
1053 2169 1124 2224 'er
1148 2169 1192 2224 si
1216 2168 1352 2225 forte
1410 2168 1555 2223 olosa
1862 2173 1931 2234 70

329 2238 644 2295 Libertusve
670 2257 845 2295 senem
870 2239 1082 2295 delirum
1108 2242 1377 2310 temperet,
1402 2238 1505 2295 illis

330 2308 561 2365 Accedas
587 2310 758 2366 socius
779 2330 794 2376 ;
829 2311 1024 2376 laudes,
1047 2309 1269 2366 lauderis
1295 2316 1355 2365 ut
1380 2309 1581 2365 absens.
1977 2307 1980 2364 1

332 2379 563 2451 Adjuvat
588 2381 688 2436 hoc
713 2399 937 2453 quoque,
964 2380 1059 2437 sed
1081 2381 1246 2437 vincit
1268 2379 1439 2452 longe,
1465 2380 1607 2452 prius
1631 2377 1803 2450 ipsum

330 2449 647 2521 Expugnare
672 2455 845 2524 caput.
920 2452 1124 2508 Scribet
1146 2450 1282 2506 mala
1303 2450 1528 2507 carmina
1551 2468 1763 2508 vecors:

332 2518 589 2576 Laudato,
665 2521 932 2578 Scortator
955 2522 1084 2578 erit:
1124 2539 1248 2578 cave
1271 2526 1326 2578 te
1351 2540 1410 2576 ro
1448 2527 1537 2589 et;
1574 2521 1714 2578 ultro

333 2588 644 2661 Penelopam
670 2591 835 2648 facilis
859 2592 1051 2665 potiori
1076 2590 1272 2647 trade.”
1346 2596 1382 2620 “
1443 2593 1667 2649 utasnel’

336 2657 562 2717 Pei-duci
582 2664 777 2734 poterit
800 2667 908 2720 tam
931 2662 1072 2735 frugi
1093 2666 1302 2734 tamque
1325 2660 1528 2735 pudica,
