<?xml version="1.0" encoding="UTF-8"?>
<!DOCTYPE html PUBLIC "-//W3C//DTD XHTML 1.0 Transitional//EN"
    "http://www.w3.org/TR/xhtml1/DTD/xhtml1-transitional.dtd">
<html xmlns="http://www.w3.org/1999/xhtml" xml:lang="en" lang="en">
 <head>
  <title>
</title>
<meta http-equiv="Content-Type" content="text/html;charset=utf-8" />
  <meta name='ocr-system' content='tesseract 3.04.00' />
  <meta name='ocr-capabilities' content='ocr_page ocr_carea ocr_par ocr_line ocrx_word'/>
</head>
<body>
  <div class='ocr_page' id='page_1' title='image "./qhoratiiflaccio09horagoog_0157.png"; bbox 0 0 2031 2952; ppageno 0'>
   <div class='ocr_carea' id='block_1_1' title="bbox 688 140 1766 199">
    <p class='ocr_par' dir='ltr' id='par_1_1' title="bbox 688 140 1766 199">
     <span class='ocr_line' id='line_1_1' title="bbox 688 140 1766 199; baseline 0.009 -10"><span class='ocrx_word' id='word_1_1' title='bbox 688 140 1096 192; x_wconf 79' lang='lat' dir='ltr'>SATIRARUM</span> <span class='ocrx_word' id='word_1_2' title='bbox 1127 141 1173 195; x_wconf 84' lang='lat' dir='ltr'><strong>I.</strong></span> <span class='ocrx_word' id='word_1_3' title='bbox 1210 145 1260 193; x_wconf 87' lang='lat'><strong>4.</strong></span> <span class='ocrx_word' id='word_1_4' title='bbox 1665 150 1766 199; x_wconf 84' lang='lat'><strong>139</strong></span> 
     </span>
    </p>
   </div>
   <div class='ocr_carea' id='block_1_2' title="bbox 88 254 1763 2800">
    <p class='ocr_par' dir='ltr' id='par_1_2' title="bbox 160 254 1760 611">
     <span class='ocr_line' id='line_1_2' title="bbox 162 254 1606 331; baseline 0.001 -16"><span class='ocrx_word' id='word_1_5' title='bbox 162 256 285 315; x_wconf 87' lang='lat' dir='ltr'><strong>Hoc</strong></span> <span class='ocrx_word' id='word_1_6' title='bbox 303 257 468 331; x_wconf 85' lang='lat' dir='ltr'><strong>juvat,</strong></span> <span class='ocrx_word' id='word_1_7' title='bbox 493 254 633 312; x_wconf 86' lang='lat' dir='ltr'><strong>hand</strong></span> <span class='ocrx_word' id='word_1_8' title='bbox 656 255 787 312; x_wconf 84' lang='lat' dir='ltr'><strong>illud</strong></span> <span class='ocrx_word' id='word_1_9' title='bbox 843 260 1119 322; x_wconf 81' lang='lat' dir='ltr'><strong>uaerentes,</strong></span> <span class='ocrx_word' id='word_1_10' title='bbox 1144 274 1272 313; x_wconf 90' lang='lat' dir='ltr'><strong>num</strong></span> <span class='ocrx_word' id='word_1_11' title='bbox 1295 256 1407 315; x_wconf 87' lang='lat' dir='ltr'><strong>sine</strong></span> <span class='ocrx_word' id='word_1_12' title='bbox 1432 277 1606 328; x_wconf 85' lang='lat' dir='ltr'><strong>sensu,</strong></span> 
     </span>
     <span class='ocr_line' id='line_1_3' title="bbox 160 327 1606 412; baseline 0.001 -28"><span class='ocrx_word' id='word_1_13' title='bbox 160 329 415 412; x_wconf 82' lang='lat' dir='ltr'><strong>Tempore</strong></span> <span class='ocrx_word' id='word_1_14' title='bbox 439 346 564 383; x_wconf 88' lang='lat' dir='ltr'><strong>num</strong></span> <span class='ocrx_word' id='word_1_15' title='bbox 587 327 778 383; x_wconf 84' lang='lat' dir='ltr'><strong>faciant</strong></span> <span class='ocrx_word' id='word_1_16' title='bbox 853 327 984 383; x_wconf 90' lang='lat' dir='ltr'><strong>ieno.</strong></span> <span class='ocrx_word' id='word_1_17' title='bbox 1064 327 1328 384; x_wconf 84' lang='lat' dir='ltr'><strong>“Laedere</strong></span> <span class='ocrx_word' id='word_1_18' title='bbox 1352 330 1606 401; x_wconf 86' lang='lat' dir='ltr'><strong>gaudes,&#39;’</strong></span> 
     </span>
     <span class='ocr_line' id='line_1_4' title="bbox 161 396 1706 473; baseline 0.001 -18"><span class='ocrx_word' id='word_1_19' title='bbox 161 400 358 472; x_wconf 84' lang='lat' dir='ltr'><strong>Inquit,</strong></span> <span class='ocrx_word' id='word_1_20' title='bbox 384 402 487 453; x_wconf 90' lang='lat' dir='ltr'><strong>“et</strong></span> <span class='ocrx_word' id='word_1_21' title='bbox 512 398 610 454; x_wconf 88' lang='lat' dir='ltr'><strong>hoc</strong></span> <span class='ocrx_word' id='word_1_22' title='bbox 633 396 809 453; x_wconf 90' lang='lat' dir='ltr'><strong>studio</strong></span> <span class='ocrx_word' id='word_1_23' title='bbox 832 417 1025 470; x_wconf 87' lang='lat' dir='ltr'><strong>pravus</strong></span> <span class='ocrx_word' id='word_1_24' title='bbox 1049 396 1231 454; x_wconf 88' lang='lat' dir='ltr'><strong>facis.’&#39;</strong></span> <span class='ocrx_word' id='word_1_25' title='bbox 1305 399 1461 456; x_wconf 86' lang='lat' dir='ltr'><strong>Unde</strong></span> <span class='ocrx_word' id='word_1_26' title='bbox 1483 402 1706 473; x_wconf 86' lang='lat' dir='ltr'><strong>petitum</strong></span> 
     </span>
     <span class='ocr_line' id='line_1_5' title="bbox 160 469 1760 542; baseline 0.002 -16"><span class='ocrx_word' id='word_1_27' title='bbox 160 471 281 526; x_wconf 92' lang='lat' dir='ltr'><strong>Hoc</strong></span> <span class='ocrx_word' id='word_1_28' title='bbox 302 470 360 525; x_wconf 92' lang='lat' dir='ltr'><strong>in</strong></span> <span class='ocrx_word' id='word_1_29' title='bbox 383 487 463 524; x_wconf 91' lang='lat' dir='ltr'><strong>me</strong></span> <span class='ocrx_word' id='word_1_30' title='bbox 483 469 650 540; x_wconf 76' lang='lat' dir='ltr'><strong>jacis?</strong></span> <span class='ocrx_word' id='word_1_31' title='bbox 689 469 788 524; x_wconf 86' lang='lat' dir='ltr'><strong>Est</strong></span> <span class='ocrx_word' id='word_1_32' title='bbox 812 474 994 523; x_wconf 78' lang='lat' dir='ltr'>auctor</span> <span class='ocrx_word' id='word_1_33' title='bbox 1018 469 1132 541; x_wconf 85' lang='lat' dir='ltr'><strong>quis</strong></span> <span class='ocrx_word' id='word_1_34' title='bbox 1159 469 1383 542; x_wconf 87' lang='lat' dir='ltr'><strong>denique</strong></span> <span class='ocrx_word' id='word_1_35' title='bbox 1407 490 1602 540; x_wconf 88' lang='lat' dir='ltr'><strong>eorum,</strong></span> <span class='ocrx_word' id='word_1_36' title='bbox 1691 476 1760 529; x_wconf 88' lang='lat'><strong>80</strong></span> 
     </span>
     <span class='ocr_line' id='line_1_6' title="bbox 165 538 1583 611; baseline 0.002 -17"><span class='ocrx_word' id='word_1_37' title='bbox 165 541 286 596; x_wconf 82' lang='lat' dir='ltr'><strong>Vixi</strong></span> <span class='ocrx_word' id='word_1_38' title='bbox 310 559 425 596; x_wconf 89' lang='lat' dir='ltr'><strong>cum</strong></span> <span class='ocrx_word' id='word_1_39' title='bbox 453 539 678 611; x_wconf 79' lang='lat' dir='ltr'><strong>quibus?</strong></span> <span class='ocrx_word' id='word_1_40' title='bbox 753 538 1040 594; x_wconf 77' lang='lat' dir='ltr'><strong>Absentem</strong></span> <span class='ocrx_word' id='word_1_41' title='bbox 1066 540 1154 610; x_wconf 89' lang='lat' dir='ltr'><strong>qui</strong></span> <span class='ocrx_word' id='word_1_42' title='bbox 1179 541 1315 596; x_wconf 87' lang='lat' dir='ltr'><strong>rodit</strong></span> <span class='ocrx_word' id='word_1_43' title='bbox 1344 543 1583 610; x_wconf 88' lang='lat' dir='ltr'><strong>amicum,</strong></span> 
     </span>
    </p>

    <p class='ocr_par' dir='ltr' id='par_1_3' title="bbox 161 609 1293 681">
     <span class='ocr_line' id='line_1_7' title="bbox 161 609 1293 681; baseline 0 -15"><span class='ocrx_word' id='word_1_44' title='bbox 161 611 266 681; x_wconf 83' lang='lat' dir='ltr'><strong>Qui</strong></span> <span class='ocrx_word' id='word_1_45' title='bbox 289 630 397 666; x_wconf 91' lang='lat' dir='ltr'><strong>non</strong></span> <span class='ocrx_word' id='word_1_46' title='bbox 419 609 655 665; x_wconf 84' lang='lat' dir='ltr'><strong>defendit</strong></span> <span class='ocrx_word' id='word_1_47' title='bbox 681 609 780 664; x_wconf 88' lang='lat' dir='ltr'><strong>alio</strong></span> <span class='ocrx_word' id='word_1_48' title='bbox 805 609 1063 681; x_wconf 81' lang='lat' dir='ltr'><strong>culpante,</strong></span> <span class='ocrx_word' id='word_1_49' title='bbox 1093 609 1293 666; x_wconf 87' lang='lat' dir='ltr'><strong>solutos</strong></span> 
     </span>
    </p>

    <p class='ocr_par' dir='ltr' id='par_1_4' title="bbox 160 679 1453 753">
     <span class='ocr_line' id='line_1_8' title="bbox 160 679 1453 753; baseline 0 -16"><span class='ocrx_word' id='word_1_50' title='bbox 160 682 263 752; x_wconf 83' lang='lat' dir='ltr'><strong>Qui</strong></span> <span class='ocrx_word' id='word_1_51' title='bbox 288 686 462 752; x_wconf 88' lang='lat' dir='ltr'><strong>captat</strong></span> <span class='ocrx_word' id='word_1_52' title='bbox 486 681 623 736; x_wconf 88' lang='lat' dir='ltr'><strong>risus</strong></span> <span class='ocrx_word' id='word_1_53' title='bbox 648 680 911 735; x_wconf 88' lang='lat' dir='ltr'><strong>hominum</strong></span> <span class='ocrx_word' id='word_1_54' title='bbox 937 679 1226 753; x_wconf 83' lang='lat' dir='ltr'><strong>famamque</strong></span> <span class='ocrx_word' id='word_1_55' title='bbox 1251 681 1453 748; x_wconf 82' lang='lat' dir='ltr'><strong>dicacis,</strong></span> 
     </span>
    </p>

    <p class='ocr_par' dir='ltr' id='par_1_5' title="bbox 158 751 1471 832">
     <span class='ocr_line' id='line_1_9' title="bbox 158 751 1471 832; baseline 0 -24"><span class='ocrx_word' id='word_1_56' title='bbox 158 754 382 824; x_wconf 86' lang='lat' dir='ltr'><strong>Fingere</strong></span> <span class='ocrx_word' id='word_1_57' title='bbox 408 752 498 832; x_wconf 88' lang='lat' dir='ltr'><strong>qui</strong></span> <span class='ocrx_word' id='word_1_58' title='bbox 522 769 627 806; x_wconf 91' lang='lat' dir='ltr'><strong>non</strong></span> <span class='ocrx_word' id='word_1_59' title='bbox 649 751 762 805; x_wconf 90' lang='lat' dir='ltr'><strong>visa</strong></span> <span class='ocrx_word' id='word_1_60' title='bbox 787 755 974 822; x_wconf 89' lang='lat' dir='ltr'><strong>potest,</strong></span> <span class='ocrx_word' id='word_1_61' title='bbox 1002 752 1275 807; x_wconf 84' lang='lat' dir='ltr'><strong>commissa</strong></span> <span class='ocrx_word' id='word_1_62' title='bbox 1299 759 1471 809; x_wconf 89' lang='lat' dir='ltr'><strong>tacere</strong></span> 
     </span>
    </p>

    <p class='ocr_par' dir='ltr' id='par_1_6' title="bbox 158 821 1689 964">
     <span class='ocr_line' id='line_1_10' title="bbox 158 821 1689 893; baseline 0.001 -15"><span class='ocrx_word' id='word_1_63' title='bbox 158 823 263 893; x_wconf 83' lang='lat' dir='ltr'><strong>Qui</strong></span> <span class='ocrx_word' id='word_1_64' title='bbox 286 828 496 893; x_wconf 79' lang='lat' dir='ltr'><strong>nequit3</strong></span> <span class='ocrx_word' id='word_1_65' title='bbox 536 822 620 877; x_wconf 91' lang='lat' dir='ltr'><strong>hic</strong></span> <span class='ocrx_word' id='word_1_66' title='bbox 645 821 793 892; x_wconf 79' lang='lat' dir='ltr'><strong>niger</strong></span> <span class='ocrx_word' id='word_1_67' title='bbox 818 831 914 886; x_wconf 87' lang='lat' dir='ltr'><strong>est,</strong></span> <span class='ocrx_word' id='word_1_68' title='bbox 943 821 1081 876; x_wconf 90' lang='lat' dir='ltr'><strong>hunc</strong></span> <span class='ocrx_word' id='word_1_69' title='bbox 1107 830 1183 888; x_wconf 83' lang='lat' dir='ltr'><strong>tu,</strong></span> <span class='ocrx_word' id='word_1_70' title='bbox 1216 823 1458 890; x_wconf 81' lang='lat' dir='ltr'><strong>Romane,</strong></span> <span class='ocrx_word' id='word_1_71' title='bbox 1489 827 1689 880; x_wconf 76' lang='lat' dir='ltr'><strong>caveto,</strong></span> 
     </span>
     <span class='ocr_line' id='line_1_11' title="bbox 161 891 1416 964; baseline 0 -16"><span class='ocrx_word' id='word_1_72' title='bbox 161 895 310 964; x_wconf 83' lang='lat' dir='ltr'><strong>Saepe</strong></span> <span class='ocrx_word' id='word_1_73' title='bbox 337 893 501 948; x_wconf 79' lang='lat' dir='ltr'><strong>tribus</strong></span> <span class='ocrx_word' id='word_1_74' title='bbox 527 892 673 948; x_wconf 90' lang='lat' dir='ltr'><strong>lectis</strong></span> <span class='ocrx_word' id='word_1_75' title='bbox 697 891 872 947; x_wconf 88' lang='lat' dir='ltr'><strong>videas</strong></span> <span class='ocrx_word' id='word_1_76' title='bbox 897 910 1097 947; x_wconf 78' lang='lat' dir='ltr'><strong>coenare</strong></span> <span class='ocrx_word' id='word_1_77' title='bbox 1122 898 1416 964; x_wconf 84' lang='lat' dir='ltr'><strong>quaternos,</strong></span> 
     </span>
    </p>

    <p class='ocr_par' dir='ltr' id='par_1_7' title="bbox 158 962 1760 1228">
     <span class='ocr_line' id='line_1_12' title="bbox 158 962 1525 1035; baseline 0 -16"><span class='ocrx_word' id='word_1_78' title='bbox 158 966 206 1019; x_wconf 82' lang='lat' dir='ltr'><strong>E</strong></span> <span class='ocrx_word' id='word_1_79' title='bbox 233 962 419 1035; x_wconf 87' lang='lat' dir='ltr'><strong>quibus</strong></span> <span class='ocrx_word' id='word_1_80' title='bbox 444 982 581 1017; x_wconf 89' lang='lat' dir='ltr'><strong>unus</strong></span> <span class='ocrx_word' id='word_1_81' title='bbox 606 967 741 1016; x_wconf 90' lang='lat' dir='ltr'><strong>amet</strong></span> <span class='ocrx_word' id='word_1_82' title='bbox 767 962 946 1033; x_wconf 86' lang='lat' dir='ltr'><strong>quavis</strong></span> <span class='ocrx_word' id='word_1_83' title='bbox 973 962 1282 1035; x_wconf 87' lang='lat' dir='ltr'><strong>adspergere</strong></span> <span class='ocrx_word' id='word_1_84' title='bbox 1307 968 1525 1019; x_wconf 84' lang='lat' dir='ltr'><strong>cunctos</strong></span> 
     </span>
     <span class='ocr_line' id='line_1_13' title="bbox 158 1032 1760 1108; baseline -0.001 -18"><span class='ocrx_word' id='word_1_85' title='bbox 158 1035 497 1100; x_wconf 82' lang='lat' dir='ltr'><strong>Praetereum,</strong></span> <span class='ocrx_word' id='word_1_86' title='bbox 509 1032 599 1104; x_wconf 78' lang='lat' dir='ltr'><strong>qui</strong></span> <span class='ocrx_word' id='word_1_87' title='bbox 612 1032 808 1105; x_wconf 86' lang='lat' dir='ltr'><strong>praebet</strong></span> <span class='ocrx_word' id='word_1_88' title='bbox 824 1051 1008 1103; x_wconf 89' lang='lat' dir='ltr'><strong>aquam</strong></span> <span class='ocrx_word' id='word_1_89' title='bbox 1031 1053 1044 1098; x_wconf 90' lang='lat'>;</span> <span class='ocrx_word' id='word_1_90' title='bbox 1068 1040 1203 1105; x_wconf 89' lang='lat' dir='ltr'><strong>post,</strong></span> <span class='ocrx_word' id='word_1_91' title='bbox 1215 1034 1352 1090; x_wconf 89' lang='lat' dir='ltr'><strong>hunc</strong></span> <span class='ocrx_word' id='word_1_92' title='bbox 1362 1053 1570 1108; x_wconf 88' lang='lat' dir='ltr'><strong>quoque</strong></span> <span class='ocrx_word' id='word_1_93' title='bbox 1586 1038 1760 1108; x_wconf 72' lang='lat' dir='ltr'><strong>potue,</strong></span> 
     </span>
     <span class='ocr_line' id='line_1_14' title="bbox 158 1104 1439 1228; baseline 0.002 -68"><span class='ocrx_word' id='word_1_94' title='bbox 158 1104 385 1160; x_wconf 89' lang='lat' dir='ltr'><strong>Condita</strong></span> <span class='ocrx_word' id='word_1_95' title='bbox 409 1123 569 1175; x_wconf 88' lang='lat' dir='ltr'><strong>quum</strong></span> <span class='ocrx_word' id='word_1_96' title='bbox 591 1122 749 1159; x_wconf 84' lang='lat' dir='ltr'><strong>verax</strong></span> <span class='ocrx_word' id='word_1_97' title='bbox 773 1104 937 1175; x_wconf 87' lang='lat' dir='ltr'><strong>aperit</strong></span> <span class='ocrx_word' id='word_1_98' title='bbox 948 1104 1245 1228; x_wconf 28' lang='lat' dir='ltr'><strong>‘praecordia</strong></span> <span class='ocrx_word' id='word_1_99' title='bbox 1265 1105 1439 1162; x_wconf 85' lang='lat' dir='ltr'><strong>Liber.</strong></span> 
     </span>
    </p>

    <p class='ocr_par' dir='ltr' id='par_1_8' title="bbox 157 1173 1763 1316">
     <span class='ocr_line' id='line_1_15' title="bbox 157 1173 1763 1245; baseline 0.001 -15"><span class='ocrx_word' id='word_1_100' title='bbox 157 1177 265 1231; x_wconf 88' lang='lat' dir='ltr'><strong>Hic</strong></span> <span class='ocrx_word' id='word_1_101' title='bbox 289 1175 387 1230; x_wconf 91' lang='lat' dir='ltr'><strong>tibi</strong></span> <span class='ocrx_word' id='word_1_102' title='bbox 409 1175 569 1230; x_wconf 90' lang='lat' dir='ltr'><strong>comis</strong></span> <span class='ocrx_word' id='word_1_103' title='bbox 594 1181 648 1230; x_wconf 90' lang='lat' dir='ltr'><strong>et</strong></span> <span class='ocrx_word' id='word_1_104' title='bbox 672 1173 900 1229; x_wconf 85' lang='lat' dir='ltr'><strong>urbanus</strong></span> <span class='ocrx_word' id='word_1_105' title='bbox 924 1173 962 1228; x_wconf 88' lang='lat' dir='ltr'>h</span> <span class='ocrx_word' id='word_1_106' title='bbox 997 1192 1157 1245; x_wconf 91' lang='lat' dir='ltr'><strong>erque</strong></span> <span class='ocrx_word' id='word_1_107' title='bbox 1181 1174 1404 1245; x_wconf 90' lang='lat' dir='ltr'><strong>videtur,</strong></span> <span class='ocrx_word' id='word_1_108' title='bbox 1693 1178 1763 1232; x_wconf 84' lang='lat'><strong>90</strong></span> 
     </span>
     <span class='ocr_line' id='line_1_16' title="bbox 157 1244 1372 1316; baseline 0.001 -16"><span class='ocrx_word' id='word_1_109' title='bbox 157 1246 364 1301; x_wconf 88' lang='lat' dir='ltr'><strong>Infesto</strong></span> <span class='ocrx_word' id='word_1_110' title='bbox 386 1246 439 1300; x_wconf 78' lang='lat' dir='ltr'><strong>ni</strong></span> <span class='ocrx_word' id='word_1_111' title='bbox 479 1245 565 1300; x_wconf 87' lang='lat' dir='ltr'><strong>ris.</strong></span> <span class='ocrx_word' id='word_1_112' title='bbox 638 1244 769 1315; x_wconf 86' lang='lat' dir='ltr'><strong>Eg0,</strong></span> <span class='ocrx_word' id='word_1_113' title='bbox 796 1244 842 1299; x_wconf 86' lang='lat' dir='ltr'><strong>si</strong></span> <span class='ocrx_word' id='word_1_114' title='bbox 864 1245 970 1310; x_wconf 90' lang='lat' dir='ltr'><strong>risi,</strong></span> <span class='ocrx_word' id='word_1_115' title='bbox 998 1244 1140 1315; x_wconf 91' lang='lat' dir='ltr'><strong>quod</strong></span> <span class='ocrx_word' id='word_1_116' title='bbox 1163 1244 1372 1316; x_wconf 89' lang='lat' dir='ltr'><strong>ineptus</strong></span> 
     </span>
    </p>

    <p class='ocr_par' dir='ltr' id='par_1_9' title="bbox 88 1315 1369 1385">
     <span class='ocr_line' id='line_1_17' title="bbox 88 1315 1369 1385; baseline -0.001 -14"><span class='ocrx_word' id='word_1_117' title='bbox 88 1330 92 1334; x_wconf 86' lang='grc'><strong><em>·</em></strong></span> <span class='ocrx_word' id='word_1_118' title='bbox 160 1316 401 1371; x_wconf 82' lang='lat' dir='ltr'><strong>Pastillos</strong></span> <span class='ocrx_word' id='word_1_119' title='bbox 481 1315 652 1370; x_wconf 86' lang='lat' dir='ltr'><strong>ufillus</strong></span> <span class='ocrx_word' id='word_1_120' title='bbox 676 1315 798 1380; x_wconf 88' lang='lat' dir='ltr'><strong>olet,</strong></span> <span class='ocrx_word' id='word_1_121' title='bbox 825 1315 1114 1385; x_wconf 87' lang='lat' dir='ltr'><strong>Gargonius</strong></span> <span class='ocrx_word' id='word_1_122' title='bbox 1140 1315 1369 1382; x_wconf 81' lang='lat' dir='ltr'><strong>hircum3</strong></span> 
     </span>
    </p>

    <p class='ocr_par' dir='ltr' id='par_1_10' title="bbox 157 1384 1497 1460">
     <span class='ocr_line' id='line_1_18' title="bbox 157 1384 1497 1460; baseline -0.001 -17"><span class='ocrx_word' id='word_1_123' title='bbox 157 1386 378 1443; x_wconf 90' lang='lat' dir='ltr'><strong>Lividus</strong></span> <span class='ocrx_word' id='word_1_124' title='bbox 402 1390 456 1441; x_wconf 92' lang='lat' dir='ltr'><strong>et</strong></span> <span class='ocrx_word' id='word_1_125' title='bbox 480 1385 694 1440; x_wconf 83' lang='lat' dir='ltr'><strong>mordax</strong></span> <span class='ocrx_word' id='word_1_126' title='bbox 719 1384 895 1440; x_wconf 86' lang='lat' dir='ltr'><strong>videor</strong></span> <span class='ocrx_word' id='word_1_127' title='bbox 917 1385 1053 1440; x_wconf 83' lang='lat' dir='ltr'><strong>tibi?</strong></span> <span class='ocrx_word' id='word_1_128' title='bbox 1092 1386 1296 1442; x_wconf 89' lang='lat' dir='ltr'><strong>Mentio</strong></span> <span class='ocrx_word' id='word_1_129' title='bbox 1322 1388 1368 1442; x_wconf 86' lang='lat' dir='ltr'><strong>si</strong></span> <span class='ocrx_word' id='word_1_130' title='bbox 1394 1405 1497 1460; x_wconf 90' lang='lat' dir='ltr'><strong>qua</strong></span> 
     </span>
    </p>

    <p class='ocr_par' dir='ltr' id='par_1_11' title="bbox 159 1456 1144 1530">
     <span class='ocr_line' id='line_1_19' title="bbox 159 1456 1144 1530; baseline -0.002 -16"><span class='ocrx_word' id='word_1_131' title='bbox 159 1459 244 1514; x_wconf 92' lang='lat' dir='ltr'><strong>De</strong></span> <span class='ocrx_word' id='word_1_132' title='bbox 268 1456 550 1530; x_wconf 84' lang='lat' dir='ltr'><strong>Capitolini</strong></span> <span class='ocrx_word' id='word_1_133' title='bbox 573 1456 727 1512; x_wconf 85' lang='lat' dir='ltr'><strong>furtis</strong></span> <span class='ocrx_word' id='word_1_134' title='bbox 750 1456 942 1528; x_wconf 88' lang='lat' dir='ltr'><strong>injecta</strong></span> <span class='ocrx_word' id='word_1_135' title='bbox 965 1456 1144 1512; x_wconf 86' lang='lat' dir='ltr'><strong>Petilli</strong></span> 
     </span>
    </p>

    <p class='ocr_par' dir='ltr' id='par_1_12' title="bbox 158 1526 1423 1593">
     <span class='ocr_line' id='line_1_20' title="bbox 158 1526 1423 1593; baseline 0.001 -9"><span class='ocrx_word' id='word_1_136' title='bbox 158 1529 234 1584; x_wconf 79' lang='lat' dir='ltr'><strong>Te</strong></span> <span class='ocrx_word' id='word_1_137' title='bbox 259 1547 431 1584; x_wconf 89' lang='lat' dir='ltr'><strong>coram</strong></span> <span class='ocrx_word' id='word_1_138' title='bbox 456 1528 628 1593; x_wconf 88' lang='lat' dir='ltr'><strong>fuerit,</strong></span> <span class='ocrx_word' id='word_1_139' title='bbox 652 1526 912 1593; x_wconf 61' lang='lat' dir='ltr'><strong>defendam,</strong></span> <span class='ocrx_word' id='word_1_140' title='bbox 938 1533 1001 1582; x_wconf 90' lang='lat' dir='ltr'><strong>ut</strong></span> <span class='ocrx_word' id='word_1_141' title='bbox 1027 1532 1150 1582; x_wconf 87' lang='lat' dir='ltr'><strong>tuus</strong></span> <span class='ocrx_word' id='word_1_142' title='bbox 1175 1533 1257 1584; x_wconf 88' lang='lat' dir='ltr'><strong>est</strong></span> <span class='ocrx_word' id='word_1_143' title='bbox 1281 1547 1423 1585; x_wconf 85' lang='lat' dir='ltr'><strong>mos:</strong></span> 
     </span>
    </p>

    <p class='ocr_par' dir='ltr' id='par_1_13' title="bbox 160 1598 1419 1671">
     <span class='ocr_line' id='line_1_21' title="bbox 160 1598 1419 1671; baseline 0 -16"><span class='ocrx_word' id='word_1_144' title='bbox 160 1600 302 1655; x_wconf 91' lang='lat' dir='ltr'><strong>“Me</strong></span> <span class='ocrx_word' id='word_1_145' title='bbox 327 1598 652 1670; x_wconf 83' lang='lat' dir='ltr'><strong>Capitolinus</strong></span> <span class='ocrx_word' id='word_1_146' title='bbox 678 1600 976 1654; x_wconf 83' lang='lat' dir='ltr'><strong>convictore</strong></span> <span class='ocrx_word' id='word_1_147' title='bbox 999 1617 1128 1652; x_wconf 88' lang='lat' dir='ltr'><strong>usus</strong></span> <span class='ocrx_word' id='word_1_148' title='bbox 1153 1599 1419 1671; x_wconf 89' lang='lat' dir='ltr'><strong>amicoque</strong></span> 
     </span>
    </p>

    <p class='ocr_par' dir='ltr' id='par_1_14' title="bbox 158 1668 1437 1742">
     <span class='ocr_line' id='line_1_22' title="bbox 158 1668 1437 1742; baseline 0.001 -17"><span class='ocrx_word' id='word_1_149' title='bbox 158 1671 209 1725; x_wconf 91' lang='lat' dir='ltr'>A</span> <span class='ocrx_word' id='word_1_150' title='bbox 234 1688 394 1742; x_wconf 87' lang='lat' dir='ltr'><strong>puero</strong></span> <span class='ocrx_word' id='word_1_151' title='bbox 419 1674 499 1725; x_wconf 92' lang='lat' dir='ltr'><strong>est</strong></span> <span class='ocrx_word' id='word_1_152' title='bbox 525 1687 781 1740; x_wconf 85' lang='lat' dir='ltr'><strong>causaque</strong></span> <span class='ocrx_word' id='word_1_153' title='bbox 806 1687 918 1723; x_wconf 89' lang='lat' dir='ltr'><strong>mea</strong></span> <span class='ocrx_word' id='word_1_154' title='bbox 939 1668 1198 1740; x_wconf 89' lang='lat' dir='ltr'><strong>permulta</strong></span> <span class='ocrx_word' id='word_1_155' title='bbox 1221 1680 1437 1741; x_wconf 83' lang='lat' dir='ltr'><strong>rogatus</strong></span> 
     </span>
    </p>

    <p class='ocr_par' dir='ltr' id='par_1_15' title="bbox 158 1738 1446 1810">
     <span class='ocr_line' id='line_1_23' title="bbox 158 1738 1446 1810; baseline -0.001 -13"><span class='ocrx_word' id='word_1_156' title='bbox 158 1741 323 1807; x_wconf 83' lang='lat' dir='ltr'><strong>Fecit,</strong></span> <span class='ocrx_word' id='word_1_157' title='bbox 350 1747 405 1796; x_wconf 87' lang='lat' dir='ltr'><strong>et</strong></span> <span class='ocrx_word' id='word_1_158' title='bbox 428 1739 699 1795; x_wconf 85' lang='lat' dir='ltr'><strong>incolumis</strong></span> <span class='ocrx_word' id='word_1_159' title='bbox 724 1739 872 1795; x_wconf 82' lang='lat' dir='ltr'><strong>laetor</strong></span> <span class='ocrx_word' id='word_1_160' title='bbox 895 1738 1033 1810; x_wconf 89' lang='lat' dir='ltr'><strong>quod</strong></span> <span class='ocrx_word' id='word_1_161' title='bbox 1057 1740 1185 1795; x_wconf 87' lang='lat' dir='ltr'><strong>vivit</strong></span> <span class='ocrx_word' id='word_1_162' title='bbox 1210 1741 1264 1795; x_wconf 90' lang='lat' dir='ltr'><strong>in</strong></span> <span class='ocrx_word' id='word_1_163' title='bbox 1291 1741 1415 1796; x_wconf 90' lang='lat' dir='ltr'><strong>urbe</strong></span> <span class='ocrx_word' id='word_1_164' title='bbox 1429 1764 1446 1809; x_wconf 87' lang='lat'>;</span> 
     </span>
    </p>

    <p class='ocr_par' dir='ltr' id='par_1_16' title="bbox 160 1809 1460 1935">
     <span class='ocr_line' id='line_1_24' title="bbox 160 1809 1460 1935; baseline 0 -69"><span class='ocrx_word' id='word_1_165' title='bbox 160 1811 264 1866; x_wconf 88' lang='lat' dir='ltr'><strong>Sed</strong></span> <span class='ocrx_word' id='word_1_166' title='bbox 288 1817 463 1866; x_wconf 82' lang='lat' dir='ltr'><strong>tamen</strong></span> <span class='ocrx_word' id='word_1_167' title='bbox 487 1809 723 1876; x_wconf 88' lang='lat' dir='ltr'><strong>admiror,</strong></span> <span class='ocrx_word' id='word_1_168' title='bbox 752 1829 854 1881; x_wconf 94' lang='lat' dir='ltr'><strong>quo</strong></span> <span class='ocrx_word' id='word_1_169' title='bbox 880 1815 1033 1880; x_wconf 88' lang='lat' dir='ltr'><strong>pacto</strong></span> <span class='ocrx_word' id='word_1_170' title='bbox 1050 1810 1307 1935; x_wconf 47' lang='lat' dir='ltr'><strong>fudicium</strong></span> <span class='ocrx_word' id='word_1_171' title='bbox 1331 1811 1460 1867; x_wconf 90' lang='lat' dir='ltr'><strong>illud</strong></span> 
     </span>
    </p>

    <p class='ocr_par' dir='ltr' id='par_1_17' title="bbox 157 1881 1763 2164">
     <span class='ocr_line' id='line_1_25' title="bbox 158 1881 1763 1953; baseline -0.001 -15"><span class='ocrx_word' id='word_1_172' title='bbox 158 1883 427 1953; x_wconf 85' lang='lat' dir='ltr'><strong>Fugerit.&#39;’</strong></span> <span class='ocrx_word' id='word_1_173' title='bbox 501 1881 608 1936; x_wconf 89' lang='lat' dir='ltr'><strong>Hic</strong></span> <span class='ocrx_word' id='word_1_174' title='bbox 631 1881 686 1935; x_wconf 91' lang='lat' dir='ltr'><strong>ni</strong></span> <span class='ocrx_word' id='word_1_175' title='bbox 725 1900 793 1935; x_wconf 85' lang='lat' dir='ltr'><strong>rae</strong></span> <span class='ocrx_word' id='word_1_176' title='bbox 817 1899 973 1936; x_wconf 86' lang='lat' dir='ltr'><strong>sucus</strong></span> <span class='ocrx_word' id='word_1_177' title='bbox 998 1881 1047 1935; x_wconf 93' lang='lat' dir='ltr'><strong>lo</strong></span> <span class='ocrx_word' id='word_1_178' title='bbox 1071 1882 1240 1952; x_wconf 79' lang='lat' dir='ltr'><strong>iginiS,</strong></span> <span class='ocrx_word' id='word_1_179' title='bbox 1267 1882 1376 1937; x_wconf 80' lang='lat' dir='ltr'><strong>haec</strong></span> <span class='ocrx_word' id='word_1_180' title='bbox 1406 1885 1487 1937; x_wconf 89' lang='lat' dir='ltr'><strong>est</strong></span> <span class='ocrx_word' id='word_1_181' title='bbox 1659 1884 1763 1938; x_wconf 89' lang='lat'><strong>100</strong></span> 
     </span>
     <span class='ocr_line' id='line_1_26' title="bbox 157 1951 1553 2025; baseline -0.001 -16"><span class='ocrx_word' id='word_1_182' title='bbox 157 1954 360 2025; x_wconf 84' lang='lat' dir='ltr'><strong>AErugo</strong></span> <span class='ocrx_word' id='word_1_183' title='bbox 384 1970 523 2006; x_wconf 85' lang='lat' dir='ltr'><strong>mera</strong></span> <span class='ocrx_word' id='word_1_184' title='bbox 536 1974 551 2017; x_wconf 90' lang='lat'>;</span> <span class='ocrx_word' id='word_1_185' title='bbox 590 1969 692 2022; x_wconf 92' lang='lat' dir='ltr'><strong>quo</strong></span> <span class='ocrx_word' id='word_1_186' title='bbox 752 1951 937 2006; x_wconf 90' lang='lat' dir='ltr'><strong>vitium</strong></span> <span class='ocrx_word' id='word_1_187' title='bbox 965 1951 1144 2019; x_wconf 81' lang='lat' dir='ltr'><strong>procul</strong></span> <span class='ocrx_word' id='word_1_188' title='bbox 1168 1953 1307 2007; x_wconf 88' lang='lat' dir='ltr'><strong>asore</strong></span> <span class='ocrx_word' id='word_1_189' title='bbox 1342 1952 1553 2018; x_wconf 82' lang='lat' dir='ltr'><strong>chartis,</strong></span> 
     </span>
     <span class='ocr_line' id='line_1_27' title="bbox 159 2021 1553 2096; baseline 0.001 -18"><span class='ocrx_word' id='word_1_190' title='bbox 159 2027 334 2094; x_wconf 90' lang='lat' dir='ltr'><strong>Atque</strong></span> <span class='ocrx_word' id='word_1_191' title='bbox 359 2023 529 2078; x_wconf 90' lang='lat' dir='ltr'><strong>animo</strong></span> <span class='ocrx_word' id='word_1_192' title='bbox 555 2022 714 2093; x_wconf 77' lang='lat' dir='ltr'><strong>priuS,</strong></span> <span class='ocrx_word' id='word_1_193' title='bbox 740 2029 801 2076; x_wconf 87' lang='lat' dir='ltr'><strong>ut</strong></span> <span class='ocrx_word' id='word_1_194' title='bbox 826 2021 871 2076; x_wconf 89' lang='lat' dir='ltr'><strong>si</strong></span> <span class='ocrx_word' id='word_1_195' title='bbox 895 2022 1021 2093; x_wconf 89' lang='lat' dir='ltr'><strong>quid</strong></span> <span class='ocrx_word' id='word_1_196' title='bbox 1045 2023 1348 2094; x_wconf 86' lang='lat' dir='ltr'><strong>promittere</strong></span> <span class='ocrx_word' id='word_1_197' title='bbox 1382 2022 1443 2078; x_wconf 90' lang='lat' dir='ltr'><strong>de</strong></span> <span class='ocrx_word' id='word_1_198' title='bbox 1469 2042 1553 2096; x_wconf 80' lang='lat' dir='ltr'><strong>me</strong></span> 
     </span>
     <span class='ocr_line' id='line_1_28' title="bbox 158 2092 1389 2164; baseline 0 -17"><span class='ocrx_word' id='word_1_199' title='bbox 158 2095 381 2149; x_wconf 87' lang='lat' dir='ltr'><strong>Possum</strong></span> <span class='ocrx_word' id='word_1_200' title='bbox 406 2092 546 2147; x_wconf 85' lang='lat' dir='ltr'><strong>aliud</strong></span> <span class='ocrx_word' id='word_1_201' title='bbox 569 2110 704 2158; x_wconf 90' lang='lat' dir='ltr'><strong>vere,</strong></span> <span class='ocrx_word' id='word_1_202' title='bbox 732 2092 994 2164; x_wconf 84' lang='lat' dir='ltr'><strong>promitto.</strong></span> <span class='ocrx_word' id='word_1_203' title='bbox 1072 2093 1311 2147; x_wconf 85' lang='lat' dir='ltr'><strong>Liberius</strong></span> <span class='ocrx_word' id='word_1_204' title='bbox 1344 2093 1389 2147; x_wconf 90' lang='lat' dir='ltr'><strong>si</strong></span> 
     </span>
    </p>

    <p class='ocr_par' dir='ltr' id='par_1_18' title="bbox 158 2162 1456 2235">
     <span class='ocr_line' id='line_1_29' title="bbox 158 2162 1456 2235; baseline -0.001 -15"><span class='ocrx_word' id='word_1_205' title='bbox 158 2165 357 2220; x_wconf 82' lang='lat' dir='ltr'><strong>Dixero</strong></span> <span class='ocrx_word' id='word_1_206' title='bbox 383 2163 522 2235; x_wconf 91' lang='lat' dir='ltr'><strong>quid,</strong></span> <span class='ocrx_word' id='word_1_207' title='bbox 549 2163 596 2217; x_wconf 91' lang='lat' dir='ltr'><strong>si</strong></span> <span class='ocrx_word' id='word_1_208' title='bbox 620 2162 755 2217; x_wconf 90' lang='lat' dir='ltr'><strong>forte</strong></span> <span class='ocrx_word' id='word_1_209' title='bbox 769 2162 1021 2234; x_wconf 87' lang='lat' dir='ltr'><strong>jocosius‚</strong></span> <span class='ocrx_word' id='word_1_210' title='bbox 1048 2162 1147 2218; x_wconf 89' lang='lat' dir='ltr'><strong>hoc</strong></span> <span class='ocrx_word' id='word_1_211' title='bbox 1178 2164 1302 2217; x_wconf 88' lang='lat' dir='ltr'><strong>mihi</strong></span> <span class='ocrx_word' id='word_1_212' title='bbox 1324 2163 1456 2233; x_wconf 86' lang='lat' dir='ltr'><strong>juris</strong></span> 
     </span>
    </p>

    <p class='ocr_par' dir='ltr' id='par_1_19' title="bbox 160 2232 1615 2304">
     <span class='ocr_line' id='line_1_30' title="bbox 160 2232 1615 2304; baseline 0 -14"><span class='ocrx_word' id='word_1_213' title='bbox 160 2236 292 2290; x_wconf 90' lang='lat' dir='ltr'><strong>Cum</strong></span> <span class='ocrx_word' id='word_1_214' title='bbox 317 2234 468 2289; x_wconf 92' lang='lat' dir='ltr'><strong>venia</strong></span> <span class='ocrx_word' id='word_1_215' title='bbox 492 2232 635 2290; x_wconf 86' lang='lat' dir='ltr'><strong>dabis</strong></span> <span class='ocrx_word' id='word_1_216' title='bbox 657 2257 668 2288; x_wconf 75' lang='grc' dir='ltr'><strong><em>ι</em></strong></span> <span class='ocrx_word' id='word_1_217' title='bbox 708 2233 933 2288; x_wconf 86' lang='lat' dir='ltr'><strong>insuevit</strong></span> <span class='ocrx_word' id='word_1_218' title='bbox 959 2239 1108 2302; x_wconf 86' lang='lat' dir='ltr'><strong>pater</strong></span> <span class='ocrx_word' id='word_1_219' title='bbox 1142 2235 1369 2304; x_wconf 86' lang='lat' dir='ltr'><strong>optimus</strong></span> <span class='ocrx_word' id='word_1_220' title='bbox 1393 2234 1490 2288; x_wconf 92' lang='lat' dir='ltr'><strong>hoc</strong></span> <span class='ocrx_word' id='word_1_221' title='bbox 1514 2252 1615 2301; x_wconf 88' lang='lat' dir='ltr'><strong>me,</strong></span> 
     </span>
    </p>

    <p class='ocr_par' dir='ltr' id='par_1_20' title="bbox 157 2303 1613 2446">
     <span class='ocr_line' id='line_1_31' title="bbox 157 2303 1613 2377; baseline -0.001 -17"><span class='ocrx_word' id='word_1_222' title='bbox 157 2306 240 2360; x_wconf 86' lang='lat' dir='ltr'><strong>Ut</strong></span> <span class='ocrx_word' id='word_1_223' title='bbox 263 2305 496 2377; x_wconf 87' lang='lat' dir='ltr'><strong>fugerem</strong></span> <span class='ocrx_word' id='word_1_224' title='bbox 519 2322 664 2360; x_wconf 80' lang='lat' dir='ltr'><strong>exem</strong></span> <span class='ocrx_word' id='word_1_225' title='bbox 673 2303 767 2373; x_wconf 88' lang='lat' dir='ltr'><strong>plis</strong></span> <span class='ocrx_word' id='word_1_226' title='bbox 790 2303 1037 2359; x_wconf 86' lang='lat' dir='ltr'><strong>vitiorum</strong></span> <span class='ocrx_word' id='word_1_227' title='bbox 1069 2322 1285 2375; x_wconf 78' lang='lat' dir='ltr'><strong>quaeque</strong></span> <span class='ocrx_word' id='word_1_228' title='bbox 1308 2303 1552 2358; x_wconf 77' lang='lat' dir='ltr'><strong>notando,</strong></span> <span class='ocrx_word' id='word_1_229' title='bbox 1608 2333 1613 2338; x_wconf 95' lang='lat'><strong>·</strong></span> 
     </span>
     <span class='ocr_line' id='line_1_32' title="bbox 160 2373 1453 2446; baseline -0.001 -15"><span class='ocrx_word' id='word_1_230' title='bbox 160 2376 330 2441; x_wconf 84' lang='lat' dir='ltr'><strong>Quum</strong></span> <span class='ocrx_word' id='word_1_231' title='bbox 356 2393 437 2429; x_wconf 90' lang='lat' dir='ltr'><strong>me</strong></span> <span class='ocrx_word' id='word_1_232' title='bbox 461 2374 773 2441; x_wconf 85' lang='lat' dir='ltr'><strong>hortaretur,</strong></span> <span class='ocrx_word' id='word_1_233' title='bbox 799 2392 968 2446; x_wconf 87' lang='lat' dir='ltr'><strong>parce,</strong></span> <span class='ocrx_word' id='word_1_234' title='bbox 1004 2373 1272 2446; x_wconf 82' lang='lat' dir='ltr'><strong>frugaliter</strong></span> <span class='ocrx_word' id='word_1_235' title='bbox 1295 2378 1453 2446; x_wconf 90' lang='lat' dir='ltr'><strong>atque</strong></span> 
     </span>
    </p>

    <p class='ocr_par' dir='ltr' id='par_1_21' title="bbox 158 2444 1573 2516">
     <span class='ocr_line' id='line_1_33' title="bbox 158 2444 1573 2516; baseline 0.002 -17"><span class='ocrx_word' id='word_1_236' title='bbox 158 2447 401 2501; x_wconf 88' lang='lat' dir='ltr'><strong>Viverem</strong></span> <span class='ocrx_word' id='word_1_237' title='bbox 423 2446 504 2500; x_wconf 89' lang='lat' dir='ltr'><strong>uti</strong></span> <span class='ocrx_word' id='word_1_238' title='bbox 525 2450 801 2501; x_wconf 89' lang='lat' dir='ltr'><strong>contentus</strong></span> <span class='ocrx_word' id='word_1_239' title='bbox 826 2464 888 2500; x_wconf 92' lang='lat' dir='ltr'><strong>eo</strong></span> <span class='ocrx_word' id='word_1_240' title='bbox 950 2444 1056 2500; x_wconf 90' lang='lat' dir='ltr'><strong>uod</strong></span> <span class='ocrx_word' id='word_1_241' title='bbox 1084 2447 1153 2499; x_wconf 89' lang='lat' dir='ltr'><strong>mi</strong></span> <span class='ocrx_word' id='word_1_242' title='bbox 1177 2445 1194 2500; x_wconf 90' lang='lat' dir='ltr'><strong>i</strong></span> <span class='ocrx_word' id='word_1_243' title='bbox 1232 2464 1286 2500; x_wconf 86' lang='lat' dir='ltr'><strong>se</strong></span> <span class='ocrx_word' id='word_1_244' title='bbox 1313 2448 1573 2516; x_wconf 84' lang='lat' dir='ltr'><strong>parasset:</strong></span> 
     </span>
    </p>

    <p class='ocr_par' dir='ltr' id='par_1_22' title="bbox 161 2515 1508 2588">
     <span class='ocr_line' id='line_1_34' title="bbox 161 2515 1508 2588; baseline 0.001 -18"><span class='ocrx_word' id='word_1_245' title='bbox 161 2520 194 2545; x_wconf 90' lang='lat'><strong>“</strong></span> <span class='ocrx_word' id='word_1_246' title='bbox 213 2517 399 2571; x_wconf 88' lang='lat' dir='ltr'><strong>Nonne</strong></span> <span class='ocrx_word' id='word_1_247' title='bbox 426 2515 585 2582; x_wconf 79' lang='lat' dir='ltr'><strong>vides„</strong></span> <span class='ocrx_word' id='word_1_248' title='bbox 611 2516 733 2572; x_wconf 78' lang='lat' dir='ltr'><strong>Albi</strong></span> <span class='ocrx_word' id='word_1_249' title='bbox 759 2520 820 2571; x_wconf 89' lang='lat' dir='ltr'><strong>ut</strong></span> <span class='ocrx_word' id='word_1_250' title='bbox 844 2535 928 2571; x_wconf 92' lang='lat' dir='ltr'><strong>ma</strong></span> <span class='ocrx_word' id='word_1_251' title='bbox 947 2534 975 2570; x_wconf 91' lang='lat' dir='ltr'><strong>e</strong></span> <span class='ocrx_word' id='word_1_252' title='bbox 1005 2515 1145 2570; x_wconf 87' lang='lat' dir='ltr'><strong>vivat</strong></span> <span class='ocrx_word' id='word_1_253' title='bbox 1168 2516 1202 2569; x_wconf 89' lang='lat' dir='ltr'><strong>fi</strong></span> <span class='ocrx_word' id='word_1_254' title='bbox 1226 2516 1320 2581; x_wconf 89' lang='lat' dir='ltr'><strong>ius,</strong></span> <span class='ocrx_word' id='word_1_255' title='bbox 1347 2523 1508 2588; x_wconf 88' lang='lat' dir='ltr'><strong>utque</strong></span> 
     </span>
    </p>

    <p class='ocr_par' dir='ltr' id='par_1_23' title="bbox 157 2586 1757 2800">
     <span class='ocr_line' id='line_1_35' title="bbox 157 2586 1721 2657; baseline -0.001 -15"><span class='ocrx_word' id='word_1_256' title='bbox 157 2586 353 2642; x_wconf 83' lang='lat' dir='ltr'><strong>Barrus</strong></span> <span class='ocrx_word' id='word_1_257' title='bbox 377 2587 563 2657; x_wconf 84' lang='lat' dir='ltr'><strong>inops?</strong></span> <span class='ocrx_word' id='word_1_258' title='bbox 603 2606 846 2656; x_wconf 88' lang='lat' dir='ltr'><strong>magnum</strong></span> <span class='ocrx_word' id='word_1_259' title='bbox 876 2586 1257 2651; x_wconf 88' lang='lat' dir='ltr'><strong>documentum,</strong></span> <span class='ocrx_word' id='word_1_260' title='bbox 1284 2605 1350 2642; x_wconf 91' lang='lat' dir='ltr'><strong>ne</strong></span> <span class='ocrx_word' id='word_1_261' title='bbox 1375 2588 1592 2657; x_wconf 86' lang='lat' dir='ltr'><strong>patriam</strong></span> <span class='ocrx_word' id='word_1_262' title='bbox 1615 2605 1721 2642; x_wconf 88' lang='lat' dir='ltr'><strong>rem</strong></span> 
     </span>
     <span class='ocr_line' id='line_1_36' title="bbox 158 2657 1757 2738; baseline 0 -26"><span class='ocrx_word' id='word_1_263' title='bbox 158 2657 381 2712; x_wconf 90' lang='lat' dir='ltr'><strong>Perdere</strong></span> <span class='ocrx_word' id='word_1_264' title='bbox 408 2659 524 2729; x_wconf 87' lang='lat' dir='ltr'><strong>quis</strong></span> <span class='ocrx_word' id='word_1_265' title='bbox 549 2657 722 2712; x_wconf 85' lang='lat' dir='ltr'><strong>velit.&#39;&#39;</strong></span> <span class='ocrx_word' id='word_1_266' title='bbox 798 2658 848 2711; x_wconf 88' lang='lat' dir='ltr'>A</span> <span class='ocrx_word' id='word_1_267' title='bbox 874 2660 1015 2738; x_wconf 85' lang='lat' dir='ltr'><strong>turpi</strong></span> <span class='ocrx_word' id='word_1_268' title='bbox 1042 2658 1325 2713; x_wconf 85' lang='lat' dir='ltr'><strong>meretricis</strong></span> <span class='ocrx_word' id='word_1_269' title='bbox 1350 2676 1520 2715; x_wconf 87' lang='lat' dir='ltr'><strong>amore</strong></span> <span class='ocrx_word' id='word_1_270' title='bbox 1655 2659 1757 2713; x_wconf 85' lang='grc'>11].</span> 
     </span>
     <span class='ocr_line' id='line_1_37' title="bbox 159 2727 1412 2800; baseline 0.001 -16"><span class='ocrx_word' id='word_1_271' title='bbox 159 2728 335 2800; x_wconf 79' lang='lat' dir='ltr'><strong>Quum</strong></span> <span class='ocrx_word' id='word_1_272' title='bbox 358 2727 673 2785; x_wconf 82' lang='lat' dir='ltr'><strong>deterreret:</strong></span> <span class='ocrx_word' id='word_1_273' title='bbox 719 2731 753 2755; x_wconf 93' lang='lat'><strong>“</strong></span> <span class='ocrx_word' id='word_1_274' title='bbox 771 2728 978 2783; x_wconf 86' lang='lat' dir='ltr'><strong>Scetam</strong></span> <span class='ocrx_word' id='word_1_275' title='bbox 1002 2727 1263 2784; x_wconf 79' lang='lat' dir='ltr'><strong>dissimilis</strong></span> <span class='ocrx_word' id='word_1_276' title='bbox 1289 2728 1412 2785; x_wconf 78' lang='lat' dir='ltr'><strong>sis,”</strong></span> 
     </span>
    </p>
   </div>
  </div>
 </body>
</html>
