2031 2952
581 278 651 380 Q.
707 313 1109 374 HORATII
1162 312 1501 376 FLAGGI

278 477 374 560 S
432 475 570 559 A
627 478 726 559 Τ
788 478 858 559 1
918 477 1042 558 R
1097 475 1235 559 A
1292 479 1416 560 R
1475 479 1609 563 U
1665 480 1825 565 M

692 664 926 720 Lmen
963 664 1374 724 SECUNDUS.

914 814 1166 847 ——4—

861 921 1129 977 SATIRA
1162 921 1211 978 I.

244 1026 282 1051 “
300 1022 469 1090 Sum,
494 1023 683 1096 quibus
704 1023 762 1079 in
786 1025 944 1080 satira
967 1023 1146 1080 videor
1169 1025 1321 1081 nimis
1347 1041 1465 1082 acer
1490 1028 1544 1083 et
1569 1025 1712 1084 ultra

242 1093 437 1166 Legem
462 1094 676 1151 tendere
700 1114 859 1165 opus;
899 1096 1009 1150 sine
1033 1096 1207 1151 nervis
1233 1096 1411 1163 altera,
1439 1097 1693 1171 quidquid

245 1165 541 1238 Composui,
569 1184 688 1236 pars
712 1184 824 1221 esse
847 1170 1000 1238 putat
1027 1166 1320 1238 similesque
1344 1187 1580 1225 meorum·

242 1235 393 1291 Mille
419 1236 502 1292 die
525 1255 705 1302 versus
731 1236 916 1292 deduci
940 1255 1109 1309 posse.
1184 1237 1413 1305 Trebati,

242 1306 394 1389 Quid·
416 1307 614 1390 faciam,
641 1307 966 1380 praescribe-’³
1042 1313 1075 1338 “
1090 1308 1389 1379 Quiescas.”
1463 1312 1499 1338 “
1514 1309 1600 1365 Ne
1636 1309 1841 1380 faciam,

379 1395 569 1451 lnqms,

242 1448 468 1505 Omnino
492 1468 672 1506 versus
686 1450 746 1505 12’2
820 1449 1022 1505 “Ai0.”
1096 1449 1359 1506 “Peream
1382 1447 1529 1515 male,
1556 1450 1599 1506 si
1624 1469 1732 1506 non

242 1520 512 1592 Optimum
537 1525 675 1576 erat:
713 1539 893 1576 verum
915 1539 1116 1592 nequeo
1142 1520 1413 1577 dormire.'’
1487 1525 1521 1551 “
1535 1521 1636 1577 Ter
1661 1523 1805 1581 uncti

241 1590 567 1647 Transnanto
592 1590 831 1658 Tiberim,
858 1610 1040 1647 somno
1065 1591 1249 1663 quibus
1275 1596 1355 1648 est
1380 1609 1511 1664 opus
1535 1591 1658 1662 alto,

245 1660 612 1735 Irriguumque
637 1681 777 1717 mero
794 1663 898 1717 ‘sub
925 1667 1129 1717 noctem
1157 1681 1342 1733 corpus
1366 1662 1609 1719 habento,

242 1733 369 1799 Aut,
395 1733 440 1787 si
466 1737 646 1789 tantus
670 1752 813 1789 amor
837 1732 1093 1789 scribendi
1117 1738 1171 1787 te
1195 1733 1347 1805 rapit,
1374 1732 1506 1789 aude
1766 1733 1839 1794 10

243 1802 461 1859 Caesaris
485 1804 664 1860 invicti
687 1822 770 1860 res
784 1803 979 1868 dicere,
1007 1803 1168 1858 multa
1189 1803 1420 1859 laborum

239 1872 460 1930 Praemia
480 1875 734 1931 laturus?
808 1879 842 1903 “
859 1874 1133 1944 Cupidum,
1158 1880 1307 1946 pater
1330 1874 1539 1946 optime,
1565 1873 1713 1931 viros

240 1943 538 2002 Deficiunt:
577 1964 744 2018 neque
768 1946 904 2002 enim
930 1945 1098 2017 quivis
1122 1944 1386 2001 horrentia
1409 1941 1527 2017 pilis

242 2016 470 2087 Agmina
493 2034 589 2073 nec
612 2018 777 2073 fracta
837 2021 1076 2071 ereuntes
1102 2015 1313 2086 cuspide
1341 2016 1515 2071 Gallos

242 2087 354 2142 Aut
379 2087 599 2143 labentis
625 2105 758 2159 equo
819 2085 1042 2142 escribat
1066 2086 1282 2142 vulnera
1305 2086 1536 2141 Parthi.'’

244 2159 543 2213 “Attamen
567 2162 620 2212 et
640 2158 840 2228 justum
902 2163 1072 2212 oteras
1097 2162 1152 2213 et
1177 2157 1399 2213 scribere
1424 2157 1625 2222 fortem,

243 2227 531 2296 Scipiadam
555 2232 616 2283 ut
642 2229 846 2300 sapiens
921 2228 1157 2283 ucilius.'’
1232 2232 1265 2256 “
1281 2227 1441 2283 Haud
1467 2227 1590 2281 mihi
1615 2228 1779 2296 deero,

240 2297 413 2366 Quum
438 2316 520 2353 res
544 2298 658 2371 ipsa
680 2299 830 2354 feret.
903 2298 1026 2353 Nisi
1051 2298 1234 2354 dextro
1259 2303 1508 2369 tempore,
1531 2298 1704 2354 Flacci

240 2368 413 2424 Verba
502 2387 528 2423 r
550 2373 801 2424 attentam
826 2387 931 2424 non
953 2368 1105 2423 ibunt
1131 2370 1349 2424 Caesaris
1373 2386 1566 2435 aurem,

240 2437 341 2492 cui
365 2456 414 2492 m
466 2457 495 2493 e
518 2439 566 2494 si
588 2440 810 2512 palpere,
836 2439 1132 2506 recalcitrat
1156 2439 1384 2510 undique
1408 2438 1616 2494 tutuS.''
1763 2439 1825 2494 20

242 2512 278 2536 ‘⁸
293 2506 502 2576 Quanto
525 2510 719 2565 rectius
741 2510 840 2564 hoc
899 2528 1019 2563 uam
1042 2508 1184 2564 tristi
1205 2508 1392 2563 laedere
1415 2528 1572 2564 versu

238 2575 582 2633 Pantolabum
606 2597 836 2634 scurram
916 2583 1352 2649 omentanumque
1375 2579 1651 2650 nepotem!

238 2646 434 2773 Quumt
456 2647 566 2774 {iffi
583 2650 825 2745 ,finisque
871 2649 1039 2714 timet,
1090 2666 1398 2721 quamquam
1451 2655 1558 2722 est,
1580 2649 1824 2717 intactus,

377 2735 409 2775 e
568 2760 582 2775 .
