2031 2952
240 139 340 188 216
895 133 1189 199 HORA'rn
1226 166 1241 179 .

244 253 323 308 Co
361 252 425 316 ia,
451 268 555 306 neu
577 249 778 304 fluitem
804 247 970 304 dubiae
995 267 1087 320 spe
1110 246 1367 319 pendulus
1391 247 1548 304 horae.
1739 249 1850 306 110

246 271 360 380 Secl’
373 321 499 376 satis
525 326 606 376 est
631 339 777 376 orare
801 319 829 374 J
838 334 984 375 ovem
1011 338 1127 392 quae
1153 319 1309 400 donat
1332 322 1387 373 et-
1413 319 1609 374 aufert:

244 393 353 449 Det
376 392 548 461 vitam,
574 391 664 448 det
688 410 829 465 opes,
855 409 1058 464 aequum
1081 390 1153 445 mi
1176 408 1403 477 animum
1425 389 1535 473 ipse
1559 389 1767 465 parabo·

489 631 848 689 EPISTOLA
882 631 1184 689 XIX.—An
1219 647 1596 688 molummis.

243 753 449 809 Pmsco
472 753 519 809 si
544 754 726 821 crediS,
753 755 1011 810 Maecenas
1038 753 1204 820 docte,
1232 753 1459 820 Gratim,

243 824 409 880 Nulla
432 825 633 896 placere
659 825 750 880 diu
773 844 868 881 nec
892 825 1065 880 vivere
1091 825 1317 880 carmina
1339 827 1573 896 possunt,

244 895 378 955 Quae
404 895 700 952 scribuntur
724 915 870 968 aquoe
894 895 1176 967 potoribus.
1249 895 1329 950 Ut
1353 895 1483 950 male
1508 911 1661 950 sanos

242 965 538 1038 Adscripsit
562 966 722 1022 Liber
750 967 947 1039 Satyris
971 966 1264 1037 Faunisque
1288 970 1486 1037 poetas

138 1080 144 1085 .
243 1032 383 1092 Vina
407 1037 514 1092 fere
539 1036 714 1093 dulces
741 1037 982 1092 oluerunt
1006 1056 1156 1092 mane
1181 1037 1432 1092 Camenae.

242 1107 515 1163 Laudibus
541 1108 779 1179 arguitur
801 1107 911 1161 vini
934 1106 1145 1162 vinosus
1170 1108 1462 1174 Homerus;

244 1177 446 1233 Ennius
473 1178 583 1248 ipse
605 1182 753 1249 pater
778 1196 1044 1250 nunquam
1067 1178 1169 1233 nisi
1228 1182 1347 1232 otus
1372 1176 1438 1231 ad
1462 1192 1600 1230 arma

245 1248 497 1304 Prosiluit
523 1247 755 1304 dicenda.
834 1248 1025 1303 Forum
1049 1196 1325 1318 putealique
1349 1246 1565 1302 Libonis

243 1318 510 1376 Mandabo
537 1319 704 1384 siccis,
733 1318 948 1374 adimam
975 1322 1184 1373 cantare
1208 1317 1428 1373 severis:

243 1389 367 1445 Hoc
392 1389 545 1443 simul
570 1389 723 1455 edixi,
750 1407 854 1444 non
880 1406 1145 1445 cessavere
1172 1392 1336 1456 poetae
1774 1386 1850 1441 10

244 1459 522 1516 Nocturno
550 1465 749 1517 certare
774 1478 931 1527 mero,
958 1463 1143 1532 putere
1167 1456 1368 1513 diurno.

246 1531 404 1600 Quid,
432 1530 477 1585 si
502 1533 616 1603 quis
642 1531 792 1586 vultu
819 1537 970 1586 torvo
994 1531 1133 1585 ferus
1159 1533 1212 1584 et
1236 1528 1368 1598 pede
1391 1527 1532 1584 nudo

245 1601 566 1673 Exiguaeque
594 1609 734 1673 togae
760 1601 965 1657 simulet
990 1606 1193 1657 textore
1218 1599 1482 1664 Catonem,

246 1671 578 1740 Virtutemne
605 1676 941 1741 repraesentet
966 1688 1237 1741 moresque
1262 1668 1514 1725 Catonis?

246 1741 417 1812 Rupit
442 1741 694 1797 Iarbitam
719 1742 1011 1811 Timagenis
1038 1741 1222 1796 aemula
1244 1740 1435 1812 lingua,

247 1811 389 1867 Dum
416 1811 593 1867 studet
620 1811 846 1867 urbanus
872 1812 1142 1882 tenditque
1167 1811 1391 1867 disertus
1415 1808 1606 1866 haberi.

248 1882 461 1955 Decipit
487 1883 749 1955 exemplar
772 1883 911 1937 vitiis
935 1881 1216 1948 imitabile3
1254 1880 1394 1953 quod
1417 1881 1462 1936 si

248 1951 503 2010 Pallerem
532 1972 669 2020 casu,
697 1953 931 2009 biberent
957 1971 1221 2021 exsangue
1245 1952 1521 2008 cuminum.

250 2024 299 2079 Ο
324 2023 629 2090 imitatores,
660 2042 866 2079 servum
888 2042 1064 2095 pecus,
1091 2028 1152 2079 ut
1176 2022 1302 2077 mihi
1327 2041 1396 2078 sae
1434 2040 1463 2076 e

250 2093 436 2161 Bilem‚
464 2112 599 2164 saepe
620 2094 794 2165 jocum
821 2093 983 2149 vestri
1006 2111 1212 2149 movere
1235 2098 1386 2149 tumu
1409 2092 1526 2148 tus!
1783 2091 1861 2146 20

248 2163 441 2220 Libera
466 2182 561 2233 per
586 2183 801 2220 vacuum
829 2163 982 2236 posui
1005 2164 1137 2219 vest‘
1181 2164 1227 2218 ia
1250 2163 1504 2234 princeps,

252 2234 380 2289 Non
404 2234 571 2290 aliena
595 2252 709 2289 meo
734 2234 902 2305 pressi
925 2232 1072 2305 pede.
1123 2183 1249 2303 lzui
1275 2233 1373 2289 sibi
1395 2233 1526 2297 fidit,

252 2303 381 2360 Dux
404 2304 541 2386 regit
565 2322 795 2359 examen.
869 2304 1054 2360 Parios
1078 2322 1177 2375 ego
1200 2304 1396 2375 primus
1420 2301 1618 2358 iambos

256 2374 477 2429 Ostendi
501 2374 671 2440 Latio,
699 2393 941 2430 numeros
966 2374 1268 2446 animosque
1293 2380 1548 2445 sequutus

255 2443 567 2508 Archilochi,
594 2462 701 2498 non
724 2463 807 2500 res
832 2448 886 2499 et
912 2444 1120 2516 agentia
1143 2443 1302 2499 verba
1322 2442 1623 2516 Lycamben

255 2513 335 2567 Ac
357 2531 424 2567 ne
449 2531 529 2567 me
553 2513 688 2568 foliis
713 2514 830 2569 ideo
854 2513 1174 2570 brevioribus
1199 2532 1362 2578 orneS,

258 2580 410 2646 Quod
434 2581 586 2636 timui
610 2588 809 2639 mutare
835 2583 1017 2638 modos
1041 2588 1095 2637 et
1119 2584 1356 2638 carminis
1381 2586 1563 2650 artem,

255 2650 530 2719 Temperat
556 2653 854 2708 Archilochi
878 2654 1089 2708 Musam
1113 2653 1245 2724 pede
1270 2653 1495 2707 mascula
1521 2652 1748 2727 Sappho,

257 2719 531 2791 Temperat
554 2721 780 2789 Alcaeus,
806 2722 901 2778 sed
921 2722 1078 2779 rebus
1102 2728 1158 2778 et
1181 2722 1358 2782 ordine
1384 2722 1574 2795 dispar,
