2031 2952
261 117 370 167 242
915 115 1215 166 HORATII

266 229 689 302 Legitimumque
712 247 896 285 sonum
924 228 1102 302 digitis
1126 230 1368 287 callemus
1393 234 1446 287 et
1472 249 1611 289 aure.

266 300 516 372 Ignotum
540 300 748 372 tragicae
773 319 935 383 genus
959 301 1216 357 invenisse
1241 302 1479 358 Camenae

265 370 475 427 Dicitur
499 376 552 427 et
576 371 819 443 plaustris
842 371 1046 427 vexisse
1071 374 1312 443 poemata
1334 372 1567 446 Thespis,

268 442 400 512 Quae
423 448 666 498 canerent
691 447 902 513 agerent
938 461 1004 497 ue
1030 443 1268 513 peruncti
1293 443 1502 500 faecibus
1526 461 1633 499 ora.

266 513 400 568 Post
425 514 563 569 hunc
587 531 817 583 personoe
842 532 876 583 p
946 531 1093 585 aeque
1116 518 1351 585 repertor
1373 514 1608 570 honestae

267 582 546 654 AEschylus
572 587 626 638 et
650 582 864 638 modicis
888 583 1129 639 instravit
1154 583 1356 655 pulpita
1378 585 1537 657 tignis
1724 650 1729 657 q

265 653 338 709 Et
363 653 539 711 docuit
562 672 907 725 magnumque
930 653 1072 725 loqui
1095 653 1294 725 nitique
1318 655 1589 711 cothurno,
1756 655 1863 709 280

268 724 530 781 Successit
555 729 706 780 vetus
733 724 812 778 his
837 724 1102 791 comoedia,
1128 743 1232 780 non
1256 725 1366 781 sine
1391 726 1557 780 multa

262 793 479 862 Laude;
516 794 608 850 sed
630 795 687 849 in
711 795 891 850 vitium
917 795 1129 850 libertas
1154 795 1345 851 excidit
1370 802 1424 850 et
1450 796 1552 851 vim

263 863 492 938 Dignam
515 865 562 922 le
600 884 630 920 e
652 865 763 946 regi
783 885 798 931 ;
832 865 917 920 lex
941 870 1023 920 est
1047 872 1259 937 accepta
1281 866 1572 939 chorusque

263 935 513 1018 Turpiter
536 954 568 991 o
606 936 757 991 ticult
780 935 986 991 sublato
1003 936 1123 1007 jure
1146 936 1385 993 nocendi.

261 1005 359 1061 Nil
380 1010 694 1063 mtentatum
716 1007 882 1062 nostri
902 1005 938 1061 li
978 1025 1099 1062 uere
1124 1009 1307 1077 poetae.
1452 1012 1459 1023 ¹

262 1076 382 1134 Nec
407 1077 671 1132 minimum
694 1095 926 1132 meruere
985 1095 1125 1142 ecus,
1150 1076 1371 1148 vestigia
1395 1078 1577 1133 Graeca

263 1147 399 1203 Ausi
423 1147 655 1203 deserere
680 1153 734 1203 et
757 1147 1013 1202 celebrare
1040 1146 1319 1203 domestica
1341 1147 1493 1214 facta,

261 1217 367 1273 Vel
391 1219 480 1291 qui
501 1222 780 1290 praetextas
807 1217 888 1273 vel
912 1217 1001 1289 qui
1026 1217 1245 1273 docuere
1268 1223 1491 1289 togatas.

261 1288 380 1345 Nec
406 1290 603 1344 virtute
627 1288 761 1343 foret
784 1287 997 1345 clarisve
1023 1289 1285 1359 potentius
1309 1288 1462 1344 armis

262 1359 431 1429 Quam
454 1359 633 1431 lingua
655 1358 882 1425 Latium,
909 1358 954 1414 si
978 1377 1084 1413 non
1106 1358 1387 1414 offenderet
1411 1377 1595 1414 unum·
1753 1359 1864 1414 290

261 1448 516 1556 {nemque
541 1431 814 1503 poetarum
836 1429 967 1485 limae
992 1430 1135 1486 labor
1159 1435 1213 1485 et
1238 1447 1396 1485 mora.
1467 1429 1594 1495 VoS,
1622 1446 1654 1484 o

310 1501 548 1572 ompilius
572 1500 797 1571 sanguis»,
825 1518 1030 1556 carmen
1053 1500 1427 1568 reprehendite,
1454 1501 1594 1572 quod
1617 1519 1725 1556 non

261 1570 439 1627 Multa
461 1572 570 1627 dies
594 1576 649 1625 et
672 1570 834 1625 multa
856 1570 1013 1625 litura
1037 1571 1269 1626 coercuit
1294 1579 1449 1643 atquc

260 1642 559 1725 Perfectum
582 1640 750 1724 decies
775 1659 881 1723 non
904 1640 1180 1722 castigavit
1203 1641 1271 1696 ad
1293 1659 1535 1714 unguem.

261 1712 1232 1840 ἓξὲῗέἶῖἓέἰῖῑιῖᾚοὲωῆἷῗῑῖῗῖἰ
1251 1717 1440 1853 ἷῗὲιω

259 1854 606 1920 Democritus,
633 1854 767 1909 bona
789 1872 907 1924 pars
932 1870 1038 1907 non
1063 1870 1263 1924 ungues
1290 1871 1479 1924 ponere
1503 1855 1669 1919 curat,

260 1924 389 1981 Non
411 1924 636 1992 barbam,
662 1932 862 1981 secreta
884 1923 1021 1996 petit
1043 1921 1175 1989 loca,
1204 1922 1383 1978 balnea
1405 1924 1556 1979 vitat.

260 1995 609 2052 Nanciscetur
631 1997 766 2051 enim
790 1996 1015 2067 pretium
1040 2011 1231 2049 nomen
1267 2010 1332 2048 ue
1356 1997 1541 2066 poetae,

261 2066 320 2122 Si
342 2066 510 2122 tribus
540 2067 799 2138 Anticyris
824 2071 981 2148 caput
1005 2064 1239 2121 insanabi
1259 2084 1287 2119 e
1311 2082 1576 2135 nunquam
1749 2065 1863 2118 300

258 2136 480 2192 Tonsori
502 2137 688 2193 Licino
713 2137 1044 2192 commiserit.
1118 2135 1168 2191 O
1193 2153 1291 2206 ego
1314 2134 1492 2201 loevus,

260 2208 371 2267 Qui
392 2226 586 2280 purgor
611 2207 762 2262 bilem
786 2207 883 2262 sub
907 2206 1053 2262 verni
1077 2206 1324 2275 temporis
1348 2205 1559 2260 horam!

259 2277 386 2334 Non
408 2277 540 2343 alius
563 2278 755 2333 faceret
779 2277 988 2333 meliora
1010 2281 1278 2348 poemata3
1317 2294 1496 2331 verum

257 2346 355 2402 Nil
377 2348 509 2402 tanti
532 2353 631 2404 est.
702 2347 845 2418 Ergo
868 2346 1057 2419 fungar
1079 2346 1190 2401 vice
1213 2346 1362 2411 cotis,
1391 2349 1603 2401 acutum

259 2415 500 2472 Reddere
524 2436 639 2490 quae
665 2418 856 2472 serrum
877 2419 1032 2483 valet,
1062 2434 1241 2472 exsors
1264 2417 1378 2489 ipsa
1402 2415 1642 2483 secandi3

251 2484 459 2541 Munus
481 2492 536 2543 et
558 2487 779 2542 officium
805 2487 878 2541 nil
901 2488 1130 2543 scribens
1154 2487 1169 2540 i
1208 2506 1267 2542 se
1289 2486 1499 2553 doceb0,

262 2552 418 2610 Unde
476 2564 687 2613 arentur
710 2575 742 2612 o
810 2576 853 2622 ε,
879 2558 1003 2629 quid
1028 2557 1131 2611 alat
1174 2562 1441 2629 ormetque
1463 2558 1675 2628 poetam
1697 2574 1711 2619 3

263 2622 402 2691 Quid
461 2633 619 2693 eceat,
647 2628 734 2699 qui
792 2645 925 2694 non;
963 2645 1068 2699 quo
1090 2626 1273 2693 virtus,
1299 2645 1403 2709 quo
1427 2627 1560 2683 ferat
1585 2644 1741 2682 error.

264 2692 532 2750 scribendi
554 2702 695 2760 recte
718 2715 899 2770 sapere
922 2707 1004 2753 est
1029 2703 1083 2752 et
1107 2697 1417 2770 principium
1438 2704 1493 2753 et
1517 2698 1667 2752 fons:

0 2823 92 2905 k
