2031 2952
279 94 283 99 ’
317 121 367 170 vi
956 118 1286 171 sunromr

268 240 302 289 6
318 239 553 309 ingerere
600 235 770 292 desiit.
864 236 1093 292 Exstant
1136 237 1382 308 epistolae,
1420 256 1488 295 ex
1527 232 1730 311 quibus„
1768 255 1921 311 argu-

319 308 481 365 menti
505 307 686 379 gratia,
719 324 886 378 pauca
917 306 1149 379 subjeci:
1193 313 1224 337 “
1245 309 1402 364 Sume
1434 309 1531 365 tibi
1564 309 1757 391 aliquid
1784 311 1921 383 juris

321 378 460 452 apud
506 396 603 445 me,
649 381 895 450 tanquam
943 378 989 434 si
1038 378 1305 435 convictor
1351 379 1477 435 mihi
1524 380 1719 437 fueris:
1779 385 1925 437 recte

321 450 475 516 enim,
513 452 568 504 et
602 466 710 504 non
745 453 941 504 temere
983 449 1196 517 feceris;
1248 451 1489 522 quoniam
1530 451 1585 506 id
1624 471 1751 508 usus
1793 452 1924 507 mihi

321 525 495 577 tecum
521 537 634 575 esse
658 520 814 588 volui,
841 519 887 577 si
910 539 1005 594 per
1027 520 1374 581 valetudinem
1398 527 1541 578 tuam
1565 522 1678 578 fieri
1700 523 1920 595 possit.’'

271 584 305 640 '7
321 593 395 650 Et
431 610 640 648 rursus:
695 591 846 647 “Tui
880 591 1086 663 qualem
1122 591 1337 649 habeam
1379 593 1690 661 memoriam,
1764 594 1925 650 oteris

323 683 390 720 ex
439 663 690 735 Septimio
733 682 938 736 qnoque
981 666 1161 719 nostro
1198 663 1409 719 audire:
1458 683 1576 719 nam
1618 663 1720 721 inci
1757 665 1813 732 it,
1858 670 1924 719 ut

321 735 412 791 illo
438 752 609 790 coram
635 735 783 791 fleret
807 753 839 790 a
861 752 943 789 me
967 731 1048 788 tui
1077 734 1287 789 mentio.
1361 735 1566 807 Neque,
1593 735 1638 790 si
1662 739 1723 791 tu
1746 754 1926 808 super-

322 805 421 862 bus
458 805 736 862 amicitiam
770 809 1001 860 nostram
1039 805 1295 877 sprevisti,
1327 804 1444 861 ideo
1477 824 1571 862 nos
1609 825 1811 878 quoque
1842 815 1925 863 ἂν.

273 874 307 922 8
325 879 791 942 θυπερηφανοῦμεν.”
829 876 1103 942 Praeterea,
1129 894 1281 949 saepe,
1305 876 1440 933 inter
1459 876 1584 933 alios
1612 877 1751 934 'ocos
1779 882 1926 951 “pu-

323 949 585 1006 rissimum
632 947 870 1021 penem,”
911 950 966 1003 et
1011 951 1047 975 “
1064 946 1458 1028 homuncionem
1496 896 1926 1019 lepidissimum?

325 1019 581 1091 appellat:
643 1037 847 1091 unaque
896 1023 950 1075 et
1006 1017 1169 1075 altera
1216 1017 1521 1074 hberalitate
1569 1017 1925 1091 locupletavit.

275 1092 308 1141 9
328 1090 530 1163 Scripta
561 1089 770 1163 quidem
799 1090 912 1164 ejus
946 1108 1113 1163 usque
1145 1089 1276 1146 adeo
1304 1088 1558 1163 probavit,
1585 1108 1929 1163 mansuraque

325 1165 578 1235 perpetuo
615 1161 856 1234 opinatus
897 1164 994 1228 est,
1030 1164 1094 1217 ut
1128 1178 1234 1217 non
1275 1160 1428 1216 modo
1469 1165 1501 1189 “
1522 1160 1762 1218 Seculare
1800 1161 1926 1217 Car-

326 1233 486 1289 men”
537 1250 651 1289 com
689 1231 948 1288 onendum
998 1231 1299 1315 injunxerit,
1351 1230 1445 1287 sed
1498 1233 1553 1287 et
1600 1230 1923 1290 Vindelicum

327 1303 597 1360 victoriam
701 1301 849 1359 iberii
907 1302 1174 1376 Drusique
1233 1303 1586 1377 privignorum
1614 1325 1628 1369 ;
1704 1322 1929 1376 cumque

328 1374 577 1449 coegerit,
601 1377 814 1447 propter
837 1372 951 1441 hoc,
976 1373 1146 1430 tribus
1175 1373 1470 1431 Carminum
1501 1373 1645 1440 libris
1677 1393 1739 1435 cx
1768 1374 1929 1447 longo

326 1443 598 1502 intervallo
646 1448 889 1518 quartum
938 1443 1166 1503 addere:
1263 1448 1347 1503 ost
1395 1445 1663 1503 Sermones
1717 1464 1929 1520 quoque

326 1516 507 1583 lectos,
533 1515 723 1572 nullam
759 1517 841 1572 sui
870 1516 1184 1573 mentionem
1215 1465 1441 1573 ll'abioem
1475 1518 1550 1573 ita
1579 1518 1648 1574 sit
1673 1521 1889 1590 questus
1914 1541 1928 1574 z

329 1590 365 1616 “
383 1586 550 1642 Irasci
580 1605 662 1642 me
685 1586 784 1642 tibi
816 1587 963 1653 scito,
991 1586 1132 1659 quod
1162 1606 1269 1643 non
1295 1588 1350 1643 in
1381 1587 1639 1661 plerisque
1672 1587 1930 1661 ejusmodi

327 1657 534 1729 scriptis
571 1675 772 1714 mecum
846 1657 1137 1714 otissimum
1176 1657 1419 1730 loquaris.
1492 1660 1578 1713 An
1618 1657 1821 1723 vereris,
1859 1678 1931 1714 ne

328 1727 468 1800 apud
503 1732 740 1799 posteros
769 1728 813 1785 ti
849 1729 868 1786 i
901 1728 1091 1785 infame
1125 1727 1211 1795 sit,
1240 1729 1380 1801 quod
1410 1728 1631 1785 videaris
1665 1728 1931 1784 familiaris

246 1803 311 1851 10
326 1798 477 1856 nobis
501 1817 615 1855 esse
630 1800 688 1854 P’'
750 1799 1125 1872 Expressitque
1148 1798 1395 1872 eclogam,
1423 1800 1574 1873 cujus
1597 1799 1801 1856 initium
1826 1804 1929 1868 est,

456 1954 491 1981 “
509 1954 630 2002 Cum
650 1957 726 2002 tot
745 1956 981 2002 sustineas
1001 1958 1054 2002 et
1072 1958 1214 2003 tanta
1232 1955 1428 2016 negotia
1448 1956 1592 2015 solus,

504 2014 603 2062 Bes
622 2014 773 2062 Italas
790 2016 938 2062 armis
955 2015 1147 2073 tuter-is,
1172 2017 1387 2063 moribus
1408 2030 1566 2074 ornes,

503 2073 714 2180 quibus
734 2074 987 2133 emendes3
1018 2075 1069 2121 in
1090 2074 1285 2133 publiea
1304 2076 1554 2123 commoda
1572 2085 1782 2154 peccem?

506 2130 559 2182 Si
597 2146 721 2192 ongo
738 2146 958 2182 sermone
978 2147 1137 2182 morer
1158 2136 1244 2181 tua
1263 2137 1499 2195 tempora,
1526 2134 1683 2182 Oaem
1697 2132 1735 2181 b.

247 2272 310 2323 11
327 2266 584 2326 Horatius
623 2267 811 2327 habitu
856 2269 1089 2342 corporis
1136 2267 1309 2327 brevis
1357 2268 1474 2336 fuit,
1512 2272 1670 2342 atque
1708 2266 1933 2326 obesus:

330 2339 495 2414 qualis
532 2359 564 2397 a
597 2359 654 2398 se
688 2340 805 2423 ipso
841 2344 896 2397 et
931 2340 988 2397 in
1026 2339 1208 2397 Satiris
1245 2340 1555 2397 describitur
1569 2349 1607 2407 ⁰,
1641 2344 1697 2398 et
1732 2340 1797 2396 ab
1819 2341 1936 2397 Au-

430 2416 488 2468 to
515 2412 612 2469 hac
641 2411 895 2486 epistola:
936 2414 970 2440 “
983 2409 1211 2467 Pertulit
1243 2408 1309 2465 ad
1349 2419 1449 2480 me,
1466 2410 1752 2479 Dionysius
1788 2409 1936 2467 libel·

304 2517 311 2524 ·
349 2501 440 2539 um
462 2486 629 2551 tuum,
656 2501 812 2556 quem
844 2499 959 2554 ego,
984 2484 1048 2535 ut
1080 2497 1318 2537 accusem
1346 2483 1418 2547 te,
1445 2480 1938 2561 quantuluscunque

330 2557 428 2621 est,
455 2552 578 2611 boni
608 2551 840 2612 consulo.
913 2549 1100 2607 Vereri
1137 2553 1311 2606 autem
1349 2549 1475 2606 mihi
1498 2549 1702 2615 videris,
1730 2569 1795 2606 ne
1828 2570 1939 2607 ma-

326 2623 467 2696 jores
491 2623 653 2679 libelli
676 2623 756 2679 tui
780 2622 903 2689 sint,
931 2638 1086 2693 quam
1111 2619 1221 2693 ipsc
1246 2638 1315 2675 es.
1395 2618 1513 2686 Sed,
1540 2620 1585 2674 si
1608 2619 1705 2676 tibi
1730 2623 1938 2681 statura

429 2731 451 2765 b
475 2732 619 2787 Epist.
637 2733 682 2777 ii.
707 2732 742 2778 1.
978 2738 996 2761 ο
1020 2729 1115 2772 Sat.
1133 2728 1178 2774 ii.
1200 2730 1237 2774 8.
1258 2730 1362 2775 809:
1390 2731 1445 2775 cr.
1463 2729 1608 2791 Epm.
1625 2730 1655 2776 ί.
1676 2731 1739 2777 20.
1762 2732 1825 2778 24.
