2031 2952
584 140 1074 196 EPISTOLARUM
1110 139 1152 190 1.
1185 140 1334 190 3—5.

172 260 317 319 Inter
341 275 483 329 spem
507 274 798 328 curamque,
825 256 1036 310 timores
1060 255 1273 310 interet
1298 254 1415 321 iras,

173 333 389 385 Omnem
417 327 566 383 crede
592 327 723 382 diem
751 326 842 381 tibi
870 325 1115 381 diluxisse
1141 344 1435 397 supremum
1450 348 1466 391 ;

180 402 340 456 Grata
364 399 707 469 superveniet,
736 415 849 466 quae
874 415 977 450 non
1002 395 1308 468 sperabitur,
1336 396 1474 450 hora.

173 472 265 527 Me
286 470 535 541 'pinguem
555 471 613 522 ‘et
637 467 861 522 nitidum
885 467 1012 522 bene
1038 470 1216 522 curata
1239 467 1533 533 cute'viseS,

172 541 347 612 Quum
370 538 536 596 ridere
559 539 717 605 voles,
745 538 959 609 Epicuri
982 538 1048 594 de
1072 556 1229 610 grege
1253 556 1480 609 porcum.

470 790 828 848 EPISTOLA
861 792 1077 847 V.—An
1112 807 1466 858 TORQUATUM.

179 915 241 970 SI
263 916 414 986 potes
439 914 704 969 Archiacis
730 914 945 969 conviva
968 913 1264 969 recumbere
1289 913 1437 968 lectis

176 985 294 1041 Nec
319 984 519 1054 modica
542 1003 741 1039 coenare
766 984 917 1039 times
943 984 1054 1038 olus
1081 1003 1230 1039 omne
1256 984 1455 1054 patella,

178 1057 430 1128 Supremo
456 1061 510 1110 te
536 1055 642 1110 sole
669 1055 822 1119 domi,
845 1056 948 1109 Tor
985 1059 1121 1121 uate,
1148 1053 1378 1109 manebo,

174 1127 315 1182 Vina
337 1125 480 1181 bibes
504 1125 690 1180 iterum
715 1127 885 1180 Tauro
911 1075 1093 1180 diifusa
1119 1125 1373 1196 palustres

178 1197 326 1252 Inter
350 1197 648 1252 Minturnas
676 1196 1141 1265 Sinuessanumque
1168 1196 1451 1250 Petrinum.

182 1268 238 1322 Si
260 1267 444 1323 melius
470 1266 593 1336 quid
617 1266 788 1330 habeS,
817 1284 1013 1320 arcesse
1039 1266 1120 1320 vel
1143 1266 1409 1337 imperium
1437 1265 1528 1319 fer.

177 1336 491 1392 Jamdudum
517 1337 750 1407 splendet
773 1337 916 1391 focus
942 1340 995 1390 et
1019 1336 1116 1390 tibi
1140 1336 1329 1390 munda
1354 1335 1600 1408 supellex·

177 1406 338 1463 Mitte
363 1407 501 1462 leves
528 1426 644 1478 spes
669 1413 723 1461 et
749 1407 1025 1461 certamina
1048 1406 1340 1460 divitiarum

84 1489 90 1495 '
176 1479 249 1534 Et
272 1478 477 1535 Moschi
504 1497 735 1533 causam:
776 1496 887 1532 cras
913 1478 1035 1532 nato
1062 1478 1261 1532 Caesare
1285 1478 1448 1533 festus

182 1550 291 1606 Dat
315 1547 513 1604 veniam
542 1567 876 1619 somnumque
902 1547 1041 1615 dies;
1076 1549 1282 1620 impune
1309 1548 1479 1603 licebit

177 1620 434 1676 AEstivam
462 1637 691 1674 sermone
715 1618 937 1690 benigno
961 1618 1173 1675 tendere
1197 1624 1416 1674 noctem.

179 1691 296 1760 Quo
321 1690 447 1745 mihi
471 1691 745 1754 fortunam,
773 1690 817 1744 si
842 1708 944 1744 non
969 1690 1269 1745 conceditur
1294 1690 1415 1745 uti?

180 1762 379 1816 Parcus
405 1762 470 1815 ob
496 1760 695 1815 heredis
721 1779 895 1815 curam
918 1760 1233 1833 nimiumque
1259 1779 1468 1816 severus

146 1897 155 1904 ο
177 1832 388 1886 Assidet
412 1831 622 1886 insano:
663 1835 839 1901 potare
866 1835 918 1885 et
943 1850 1183 1902 spargere
1206 1832 1359 1886 flores

177 1901 294 1958 Inci
332 1903 430 1957 iam
457 1902 722 1973 patiarque
747 1901 827 1956 vel
853 1902 1173 1957 inconsultus
1197 1901 1388 1956 haberi.

177 1972 280 2041 Qui
340 1990 447 2027 non
469 1972 688 2027 ebrietas
716 1971 987 2043 designat?
1049 1973 1245 2044 Operta
1270 1969 1500 2035 recludit,

170 2043 312 2114 Spes
331 2043 484 2114 jubet
509 2062 621 2098 esse
646 2052 799 2107 ratas,
827 2042 892 2096 ad
917 2041 1090 2111 proelia
1114 2042 1278 2096 trudit
1302 2043 1552 2106 inertem3

180 2113 424 2168 Sollicitis
449 2114 629 2168 animis
655 2130 785 2166 onus
811 2112 1008 2179 eximit,
1037 2112 1250 2167 addocet
1275 2117 1429 2167 artes.

179 2182 411 2238 Fecundi
437 2184 620 2239 calices
647 2202 796 2255 quem
822 2202 928 2237 non
953 2185 1114 2237 fecere
1140 2182 1426 2237 disertum?

178 2253 460 2309 Contracta
483 2272 632 2325 quem
664 2272 765 2308 non
788 2254 842 2307 in
900 2258 1169 2324 aupertate
1193 2251 1460 2307 solutum?

177 2324 309 2379 Haec
334 2342 431 2395 ego
454 2343 729 2396 procurare
754 2331 807 2379 et
832 2324 850 2377 i
887 2342 1047 2377 oneus
1074 2324 1292 2393 imperor
1317 2328 1370 2377 et
1396 2341 1501 2377 non

173 2394 399 2459 -InvituS,
425 2413 489 2449 ne
515 2399 666 2466 turpe
690 2394 837 2460 toral,
864 2413 930 2448 ne
955 2393 1159 2448 sordida
1183 2412 1367 2464 mappa

121 2519 127 2526 ,
177 2465 440 2532 Corruget
460 2483 627 2530 nares,
655 2483 719 2519 ne
744 2484 845 2518 non
870 2469 922 2519 et
946 2464 1221 2519 cantharus
1246 2468 1300 2519 et
1324 2464 1447 2518 lanx

179 2534 559 2598 Ostendat„tibi
584 2542 651 2600 te,
677 2554 742 2589 ne
767 2534 896 2589 fidos
921 2535 1055 2588 inter
1080 2534 1269 2589 amicos

178 2605 258 2660 Sit
285 2605 375 2677 qui
400 2604 538 2659 dicta
561 2605 696 2659 foras
721 2605 963 2671 eliminet,
986 2609 1049 2658 ut
1074 2609 1220 2659 coeat
1244 2622 1338 2676 par

174 2676 540 2747 :iungaturque
564 2675 691 2745 pari.
763 2676 980 2729 Butram
1005 2675 1103 2730 tibi
1131 2676 1527 2745 Septiciumque,

174 2746 247 2803 Et
271 2746 374 2803 nisi
395 2764 541 2802 coena
565 2745 702 2817 prior
725 2746 996 2818 potiorque
1020 2745 1190 2818 puella
1214 2745 1458 2801 Sabinum

1658 139 1759 192 195
1812 92 1821 107 ⁸

1700 1546 1767 1601 10

1699 2250 1772 2304 2ss
