2031 2952
969 115 1069 165 ΗΟ
1075 115 1233 163 RATI
1241 116 1264 163 1

461 232 581 288 Hac
605 233 717 286 arte
740 229 926 287 Pollux
953 236 1007 288 et
1030 252 1193 304 vagus
1218 233 1476 290 Hercules

459 304 652 361 Enisus
677 320 822 358 arces
847 304 1021 373 attigit
1047 304 1240 375 igneas,

527 375 674 445 Quos
701 374 836 428 inter
860 376 1135 445 Augustus
1156 374 1463 432 recumbens

601 445 870 514 Purpureo
895 445 1026 501 bibit
1051 464 1139 501 ore
1163 453 1354 503 nectar.

458 518 579 573 Hac
602 520 657 570 te
681 520 979 582 merentem,
1008 517 1211 572 Bacche
1238 522 1400 591 pater,
1430 524 1537 576 tuae

458 589 665 646 Vexere
689 586 851 657 tigres
877 586 1086 642 indocili
1108 589 1168 659 ju
1245 610 1293 645 m

529 657 676 714 Collo
700 657 995 725 trahentes;
1035 659 1131 715 hac
1209 661 1404 716 uirinus

600 728 789 783 Martis
814 729 961 799 equis
989 730 1286 788 Acheronta
1301 732 1462 803 sugit,

460 801 677 857 Gratum
703 797 951 880 eloquuta
975 802 1367 859 consiliantibus

461 872 495 927 J
498 887 665 926 unone
691 870 874 926 Divis:
912 870 1067 940 Ilion,
1095 873 1235 928 Ilion

526 940 720 998 Fatalis
745 940 1080 1013 incestusque
1098 944 1260 1013 judex

596 1011 669 1066 Et
694 1012 877 1068 mulier
901 1014 1174 1086 peregrina
1196 1015 1354 1070 vertit

458 1084 527 1140 In
550 1082 827 1153 pulverem,
854 1103 919 1140 ex
944 1105 1048 1156 quo
1074 1086 1313 1147 destituit
1340 1084 1481 1142 Deos

457 1154 703 1211 Mercede
727 1160 881 1226 pacta
905 1156 1218 1221 Laomedon,
1245 1157 1376 1211 mihi

528 1225 800 1298 Castaeque
824 1227 1122 1282 damnatum
1147 1227 1400 1282 Minervae

598 1297 733 1352 Cum
758 1298 948 1370 populo
973 1302 1027 1353 et
1054 1298 1184 1354 duce
1209 1297 1554 1353 fraudulentO.

456 1368 491 1422 J
493 1386 576 1421 am
597 1386 694 1424 nec
717 1368 950 1425 Lacaenae
974 1369 1212 1441 splendet
1237 1368 1485 1424 adulterae

457 1439 708 1496 Famosus
732 1438 920 1513 hospes
944 1459 1043 1496 nec
1067 1440 1262 1496 Priami
1286 1438 1469 1495 domus

528 1511 603 1564 Pe
632 1511 745 1567 'ura
768 1530 1027 1584 pugnaces
1050 1511 1278 1567 Achivos

657 1583 875 1637 ectoreis
900 1582 1085 1654 opibus
1110 1583 1366 1653 refringit,

457 1652 771 1723 Nostrisque
797 1652 1007 1709 ductum
1038 1653 1376 1709 seditionibus

456 1722 657 1778 Bellum
685 1723 890 1779 resedit.
963 1724 1214 1778 Protinus
1238 1731 1292 1779 et
1316 1742 1500 1796 graves

528 1794 641 1849 Iras
667 1799 721 1847 et
745 1794 967 1849 invisum
990 1800 1249 1865 nepotem,

596 1864 780 1919 Troica
803 1884 954 1935 quem
980 1866 1180 1936 peperit
1206 1864 1461 1931 sacerdOS,

457 1935 621 1991 Marti
643 1933 903 1990 redonabo
925 1957 939 2001 ;
973 1935 1119 1991 illum
1144 1954 1242 2006 ego
1266 1935 1464 1993 lucidas

455 2006 598 2062 Inire
623 2005 788 2071 sedeS,
815 2005 1001 2061 ducere
1025 2007 1249 2061 nectaris

526 2077 690 2132 Sucos
716 2075 1014 2152 etadscribi
1039 2077 1226 2148 quietis

595 2145 877 2202 Ordinibus
900 2146 1066 2218 patiar
1093 2149 1337 2202 Deorum.

455 2218 596 2272 Dum
620 2218 807 2286 longus
831 2217 968 2272 inter
991 2218 1170 2272 saeviat
1196 2218 1333 2273 Ilion

454 2289 777 2359 Romamque
803 2294 1008 2357 pontus,
1077 2288 1266 2344 ualibet
1291 2287 1494 2362 exsules

523 2358 589 2412 In
649 2363 759 2413 arte
782 2364 1034 2428 regnanto
1096 2359 1196 2412 eati
1216 2381 1228 2422 ;

595 2377 735 2481 Dum
759 2427 953 2482 Priami
976 2427 1280 2499 Paridisque
1306 2428 1463 2483 busto

453 2496 681 2553 Insultet
706 2503 996 2551 armentum
1021 2504 1073 2552 et
1100 2499 1299 2552 catulos
1326 2501 1449 2553 ferae

455 2566 630 2621 Celent
656 2566 848 2632 inultae,
876 2573 983 2622 stet
1012 2567 1323 2637 Capitolium

521 2634 749 2705 Fulgens
774 2636 1206 2708 triumphatisque
1231 2638 1400 2707 possit

590 2704 758 2758 Roma
781 2705 928 2757 ferox
954 2704 1074 2759 dare
1093 2706 1212 2769 jura
1238 2707 1426 2761 Medis,
1457 2727 1460 2730 ·

1841 312 1915 369 10

1858 1022 1934 1076 20

1862 1730 1938 1783 30

1860 2433 1945 2485 40
