2031 2952
570 165 949 217 CARMINUM
983 168 1059 216 11.
1093 168 1238 220 5—7.
1269 206 1278 219 .

319 282 401 339 Sit
424 281 607 337 modus
630 282 765 337 lasso
787 281 944 338 maris
967 286 1023 338 et
1048 282 1246 339 viarum

528 352 863 424 Militiaeque!

319 422 475 480 Unde
499 422 546 480 si
569 425 745 479 Parcae
770 422 1044 493 prohibent
1068 421 1272 494 iniquae,

317 495 487 550 Dulce
511 493 701 566 pellitis
727 494 909 550 ovibus
935 493 1122 549 Galaesi

318 565 538 621 Flumen
560 569 614 620 et
637 571 853 635 regnata
874 568 1049 636 petam
1074 562 1271 620 Laconi

528 636 676 691 Rura
702 633 972 690 Phalanto.

318 705 419 761 Ille
441 710 695 763 terrarum
721 706 846 760 mihi
867 709 1056 778 praeter
1080 724 1257 761 omnes

317 778 402 832 An
476 777 557 832 lus
581 776 730 842 ridet,
755 776 846 832 ubi
867 795 973 831 non
997 777 1255 848 Hymetto

320 795 483 903 Meffi
503 847 757 903 decedunt
782 847 1035 919 viridique
1059 851 1224 903 certat

526 919 699 974 Bacca
726 918 965 973 Venafro,

318 988 430 1044 Ver
451 987 543 1044 ubi
564 988 778 1060 longum
799 987 1103 1060 tepidasque
1127 985 1322 1055 praebet

320 1059 530 1131 Jupiter
552 1059 775 1126 brumas,
801 1064 854 1114 et
878 1058 1071 1113 amicus
1096 1057 1271 1112 Aulon

319 1129 504 1186 Fertili
524 1129 732 1186 Baccho
756 1128 1022 1184 minimum
1045 1127 1277 1184 Falernis

527 1199 738 1256 Invidet
761 1200 893 1255 uvis.

319 1269 418 1326 Ille
440 1273 496 1325 te
519 1288 719 1327 mecum
740 1269 887 1325 locus
910 1272 965 1324 et
988 1268 1154 1324 beatae

321 1339 598 1397 Postulant
622 1357 797 1406 arces3
831 1339 905 1395 ibi
927 1343 990 1393 tu
1013 1338 1267 1394 calentem

322 1410 515 1467 Debita
535 1429 561 1464 s
597 1427 747 1482 arges
768 1409 976 1465 lacrima
997 1409 1222 1464 favillam

582 1482 683 1537 atis
706 1479 872 1536 amici.

300 1701 612 1757 CARMEN
646 1702 924 1757 VIL-An
959 1717 1260 1757 Pournmu
1294 1717 1510 1758 vnum.

253 1821 304 1876 Ο
328 1837 476 1876 sffirn
499 1839 699 1876 mecum
723 1824 927 1902 tempus
952 1820 1008 1876 in
1032 1820 1274 1876 ultimum

250 1892 491 1947 Deducte
514 1892 681 1947 Bruto
704 1892 897 1946 militiae
922 1891 1070 1958 duce,

322 1962 452 2031 Quis
475 1966 530 2017 te
555 1962 822 2018 redonavit
846 1962 1104 2032 Quiritem

392 2033 491 2087 Dis
516 2033 694 2104 patriis
717 2033 954 2104 Italoque
980 2034 1125 2099 coe10‚

250 2102 470 2175 Pompei
491 2122 718 2158 meorum
743 2103 904 2175 prime
930 2102 1221 2158 sodalium?

254 2174 391 2230 Cum
416 2192 517 2245 quo
542 2178 824 2229 morantem
849 2191 983 2244 saepe
1007 2172 1144 2228 diem
1168 2191 1308 2228 mero

322 2244 479 2313 Fregi
503 2246 777 2300 coronatus
802 2244 1028 2298 nitentes

394 2314 723 2369 Malobathro
750 2314 896 2384 Syrio
921 2312 1150 2386 capillos,

253 2384 445 2441 Tecum
471 2384 736 2456 Philippos
761 2389 815 2439 et
840 2384 1055 2439 celerem
1081 2385 1255 2456 fugam

256 2455 407 2511 Sensi
427 2455 606 2510 relicta
627 2473 733 2510 non
755 2453 884 2510 bene
908 2454 1157 2527 parmula,

325 2526 501 2597 Quum
525 2526 691 2581 fracta
714 2525 881 2581 virtus
906 2530 959 2580 et
984 2525 1207 2581 minaces

396 2597 568 2667 Turpe
593 2596 756 2650 solum
783 2596 1004 2667 tetigere
1030 2603 1223 2650 mento.

255 2665 363 2722 Sed
384 2684 466 2721 me
491 2685 582 2737 per
605 2666 782 2721 hostes
807 2666 1099 2721 Mercurius
1126 2666 1262 2723 celer

251 2736 437 2793 Denso
460 2740 734 2808 paventem
758 2736 971 2791 sustulit
995 2741 1142 2802 aere3
1233 2803 1242 2808 ‚

1628 495 1697 549 10

1632 1197 1701 1251 20

1632 2453 1707 2510 10
