<?xml version="1.0" encoding="UTF-8"?>
<!DOCTYPE html PUBLIC "-//W3C//DTD XHTML 1.0 Transitional//EN"
    "http://www.w3.org/TR/xhtml1/DTD/xhtml1-transitional.dtd">
<html xmlns="http://www.w3.org/1999/xhtml" xml:lang="en" lang="en">
 <head>
  <title>
</title>
<meta http-equiv="Content-Type" content="text/html;charset=utf-8" />
  <meta name='ocr-system' content='tesseract 3.04.00' />
  <meta name='ocr-capabilities' content='ocr_page ocr_carea ocr_par ocr_line ocrx_word'/>
</head>
<body>
  <div class='ocr_page' id='page_1' title='image "./qhoratiiflaccio09horagoog_0070.png"; bbox 0 0 2031 2952; ppageno 0'>
   <div class='ocr_carea' id='block_1_1' title="bbox 309 160 505 237">
    <p class='ocr_par' dir='ltr' id='par_1_1' title="bbox 309 160 505 237">
     <span class='ocr_line' id='line_1_1' title="bbox 309 160 505 237; baseline -0.015 -17"><span class='ocrx_word' id='word_1_1' title='bbox 309 160 505 237; x_wconf 65' lang='lat' dir='ltr'><strong>52¹r</strong></span> 
     </span>
    </p>
   </div>
   <div class='ocr_carea' id='block_1_2' title="bbox 962 162 1256 216">
    <p class='ocr_par' dir='ltr' id='par_1_2' title="bbox 962 162 1256 216">
     <span class='ocr_line' id='line_1_2' title="bbox 962 162 1256 216; baseline -0.007 -2"><span class='ocrx_word' id='word_1_2' title='bbox 962 162 1256 216; x_wconf 85' lang='lat' dir='ltr'><strong>HORATII</strong></span> 
     </span>
    </p>
   </div>
   <div class='ocr_carea' id='block_1_3' title="bbox 453 280 1584 1836">
    <p class='ocr_par' dir='ltr' id='par_1_3' title="bbox 521 280 1374 361">
     <span class='ocr_line' id='line_1_3' title="bbox 521 280 1374 361; baseline -0.005 -24"><span class='ocrx_word' id='word_1_3' title='bbox 521 281 745 338; x_wconf 78' lang='lat' dir='ltr'><strong>Fastidit</strong></span> <span class='ocrx_word' id='word_1_4' title='bbox 770 280 1167 361; x_wconf 83' lang='lat' dir='ltr'><strong>umbrosamque</strong></span> <span class='ocrx_word' id='word_1_5' title='bbox 1189 280 1236 335; x_wconf 80' lang='lat' dir='ltr'><strong>ri</strong></span> <span class='ocrx_word' id='word_1_6' title='bbox 1275 298 1374 345; x_wconf 90' lang='lat' dir='ltr'><strong>am,</strong></span> 
     </span>
    </p>

    <p class='ocr_par' dir='ltr' id='par_1_4' title="bbox 453 353 1462 558">
     <span class='ocr_line' id='line_1_4' title="bbox 593 353 1442 425; baseline -0.005 -17"><span class='ocrx_word' id='word_1_7' title='bbox 593 354 718 408; x_wconf 89' lang='lat' dir='ltr'><strong>N‘on</strong></span> <span class='ocrx_word' id='word_1_8' title='bbox 743 353 990 425; x_wconf 84' lang='lat' dir='ltr'><strong>Zephyris</strong></span> <span class='ocrx_word' id='word_1_9' title='bbox 1014 355 1212 423; x_wconf 76' lang='lat' dir='ltr'><strong>agitata</strong></span> <span class='ocrx_word' id='word_1_10' title='bbox 1282 368 1442 421; x_wconf 87' lang='lat' dir='ltr'><strong>empe.</strong></span> 
     </span>
     <span class='ocr_line' id='line_1_5' title="bbox 454 422 1462 495; baseline -0.004 -16"><span class='ocrx_word' id='word_1_11' title='bbox 454 424 848 479; x_wconf 85' lang='lat' dir='ltr'><strong>Desiderantem</strong></span> <span class='ocrx_word' id='word_1_12' title='bbox 872 423 1012 495; x_wconf 90' lang='lat' dir='ltr'><strong>quod</strong></span> <span class='ocrx_word' id='word_1_13' title='bbox 1037 422 1164 476; x_wconf 85' lang='lat' dir='ltr'><strong>satis</strong></span> <span class='ocrx_word' id='word_1_14' title='bbox 1190 427 1271 476; x_wconf 86' lang='lat' dir='ltr'><strong>est</strong></span> <span class='ocrx_word' id='word_1_15' title='bbox 1293 440 1462 493; x_wconf 89' lang='lat' dir='ltr'><strong>neque</strong></span> 
     </span>
     <span class='ocr_line' id='line_1_6' title="bbox 453 493 1303 558; baseline -0.002 -9"><span class='ocrx_word' id='word_1_16' title='bbox 453 494 852 550; x_wconf 86' lang='lat' dir='ltr'><strong>Tumultuosum</strong></span> <span class='ocrx_word' id='word_1_17' title='bbox 877 493 1123 549; x_wconf 83' lang='lat' dir='ltr'><strong>sollicitat</strong></span> <span class='ocrx_word' id='word_1_18' title='bbox 1147 511 1303 558; x_wconf 86' lang='lat' dir='ltr'><strong>mare,</strong></span> 
     </span>
    </p>

    <p class='ocr_par' dir='ltr' id='par_1_5' title="bbox 525 562 1324 621">
     <span class='ocr_line' id='line_1_7' title="bbox 525 562 1324 621; baseline -0.005 0"><span class='ocrx_word' id='word_1_19' title='bbox 525 565 640 620; x_wconf 88' lang='lat' dir='ltr'><strong>Nec</strong></span> <span class='ocrx_word' id='word_1_20' title='bbox 664 584 830 621; x_wconf 83' lang='lat' dir='ltr'><strong>saevus</strong></span> <span class='ocrx_word' id='word_1_21' title='bbox 856 564 1068 619; x_wconf 81' lang='lat' dir='ltr'><strong>Arcturi</strong></span> <span class='ocrx_word' id='word_1_22' title='bbox 1091 562 1324 618; x_wconf 83' lang='lat' dir='ltr'><strong>cadentis</strong></span> 
     </span>
    </p>

    <p class='ocr_par' dir='ltr' id='par_1_6' title="bbox 593 632 1379 707">
     <span class='ocr_line' id='line_1_8' title="bbox 593 632 1379 707; baseline -0.006 -16"><span class='ocrx_word' id='word_1_23' title='bbox 593 637 832 707; x_wconf 88' lang='lat' dir='ltr'><strong>Impetus</strong></span> <span class='ocrx_word' id='word_1_24' title='bbox 857 639 947 689; x_wconf 84' lang='lat' dir='ltr'><strong>aut</strong></span> <span class='ocrx_word' id='word_1_25' title='bbox 971 634 1183 690; x_wconf 89' lang='lat' dir='ltr'><strong>orientis</strong></span> <span class='ocrx_word' id='word_1_26' title='bbox 1210 632 1379 698; x_wconf 85' lang='lat' dir='ltr'><strong>Haedi,</strong></span> 
     </span>
    </p>

    <p class='ocr_par' dir='ltr' id='par_1_7' title="bbox 457 704 1584 917">
     <span class='ocr_line' id='line_1_9' title="bbox 457 704 1348 763; baseline -0.006 0"><span class='ocrx_word' id='word_1_27' title='bbox 457 707 582 763; x_wconf 87' lang='lat' dir='ltr'><strong>Non</strong></span> <span class='ocrx_word' id='word_1_28' title='bbox 605 706 890 762; x_wconf 84' lang='lat' dir='ltr'><strong>verberatae</strong></span> <span class='ocrx_word' id='word_1_29' title='bbox 1008 704 1161 759; x_wconf 88' lang='lat' dir='ltr'><strong>ndine</strong></span> <span class='ocrx_word' id='word_1_30' title='bbox 1187 704 1348 759; x_wconf 70' lang='lat' dir='ltr'><strong>vineae</strong></span> 
     </span>
     <span class='ocr_line' id='line_1_10' title="bbox 457 775 1584 849; baseline -0.004 -16"><span class='ocrx_word' id='word_1_31' title='bbox 457 777 773 849; x_wconf 88' lang='lat' dir='ltr'><strong>Fundusque</strong></span> <span class='ocrx_word' id='word_1_32' title='bbox 799 795 914 830; x_wconf 87' lang='lat' dir='ltr'><strong>meu</strong></span> <span class='ocrx_word' id='word_1_33' title='bbox 952 795 1034 840; x_wconf 62' lang='grc' dir='ltr'><strong>ει,</strong></span> <span class='ocrx_word' id='word_1_34' title='bbox 1062 775 1241 830; x_wconf 82' lang='lat' dir='ltr'><strong>arbore</strong></span> <span class='ocrx_word' id='word_1_35' title='bbox 1265 793 1403 829; x_wconf 87' lang='lat' dir='ltr'><strong>nunc</strong></span> <span class='ocrx_word' id='word_1_36' title='bbox 1428 793 1584 845; x_wconf 84' lang='lat' dir='ltr'><strong>aquas</strong></span> 
     </span>
     <span class='ocr_line' id='line_1_11' title="bbox 528 846 1418 917; baseline -0.003 -15"><span class='ocrx_word' id='word_1_37' title='bbox 528 848 809 917; x_wconf 85' lang='lat' dir='ltr'><strong>Culpante‚·</strong></span> <span class='ocrx_word' id='word_1_38' title='bbox 826 865 964 902; x_wconf 90' lang='lat' dir='ltr'><strong>nunc</strong></span> <span class='ocrx_word' id='word_1_39' title='bbox 989 846 1242 914; x_wconf 68' lang='lat' dir='ltr'><strong>torrentia</strong></span> <span class='ocrx_word' id='word_1_40' title='bbox 1265 864 1418 916; x_wconf 84' lang='lat' dir='ltr'><strong>agros</strong></span> 
     </span>
    </p>

    <p class='ocr_par' dir='ltr' id='par_1_8' title="bbox 459 917 1575 1128">
     <span class='ocr_line' id='line_1_12' title="bbox 598 917 1413 987; baseline -0.002 -15"><span class='ocrx_word' id='word_1_41' title='bbox 598 918 790 983; x_wconf 84' lang='lat' dir='ltr'><strong>Sidera,</strong></span> <span class='ocrx_word' id='word_1_42' title='bbox 817 935 955 972; x_wconf 89' lang='lat' dir='ltr'><strong>nunc</strong></span> <span class='ocrx_word' id='word_1_43' title='bbox 978 917 1173 971; x_wconf 87' lang='lat' dir='ltr'><strong>hiemes</strong></span> <span class='ocrx_word' id='word_1_44' title='bbox 1198 917 1413 987; x_wconf 77' lang='lat' dir='ltr'><strong>iniquas,</strong></span> 
     </span>
     <span class='ocr_line' id='line_1_13' title="bbox 461 987 1420 1058; baseline -0.005 -14"><span class='ocrx_word' id='word_1_45' title='bbox 461 991 740 1044; x_wconf 86' lang='lat' dir='ltr'><strong>Contracta</strong></span> <span class='ocrx_word' id='word_1_46' title='bbox 800 989 929 1043; x_wconf 87' lang='lat' dir='ltr'><strong>isces</strong></span> <span class='ocrx_word' id='word_1_47' title='bbox 956 1004 1164 1058; x_wconf 85' lang='lat' dir='ltr'><strong>aequora</strong></span> <span class='ocrx_word' id='word_1_48' title='bbox 1187 987 1420 1041; x_wconf 87' lang='lat' dir='ltr'><strong>sentiunt</strong></span> 
     </span>
     <span class='ocr_line' id='line_1_14' title="bbox 459 1057 1575 1128; baseline -0.004 -12"><span class='ocrx_word' id='word_1_49' title='bbox 459 1062 494 1116; x_wconf 88' lang='lat' dir='ltr'><strong>J</strong></span> <span class='ocrx_word' id='word_1_50' title='bbox 497 1061 625 1116; x_wconf 83' lang='lat' dir='ltr'><strong>actis</strong></span> <span class='ocrx_word' id='word_1_51' title='bbox 650 1059 706 1113; x_wconf 90' lang='lat' dir='ltr'><strong>in</strong></span> <span class='ocrx_word' id='word_1_52' title='bbox 779 1064 890 1113; x_wconf 90' lang='lat' dir='ltr'><strong>tum</strong></span> <span class='ocrx_word' id='word_1_53' title='bbox 915 1058 1169 1124; x_wconf 84' lang='lat' dir='ltr'><strong>molibus3</strong></span> <span class='ocrx_word' id='word_1_54' title='bbox 1206 1057 1307 1112; x_wconf 90' lang='lat' dir='ltr'><strong>huc</strong></span> <span class='ocrx_word' id='word_1_55' title='bbox 1335 1058 1575 1128; x_wconf 80' lang='lat' dir='ltr'><strong>frequens</strong></span> 
     </span>
    </p>

    <p class='ocr_par' dir='ltr' id='par_1_9' title="bbox 529 1129 1363 1200">
     <span class='ocr_line' id='line_1_15' title="bbox 529 1129 1363 1200; baseline -0.005 -14"><span class='ocrx_word' id='word_1_56' title='bbox 529 1132 793 1186; x_wconf 86' lang='lat' dir='ltr'><strong>Caementa</strong></span> <span class='ocrx_word' id='word_1_57' title='bbox 816 1129 1044 1184; x_wconf 88' lang='lat' dir='ltr'><strong>demittit</strong></span> <span class='ocrx_word' id='word_1_58' title='bbox 1068 1129 1363 1200; x_wconf 84' lang='lat' dir='ltr'><strong>redemptor</strong></span> 
     </span>
    </p>

    <p class='ocr_par' dir='ltr' id='par_1_10' title="bbox 458 1199 1553 1414">
     <span class='ocr_line' id='line_1_16' title="bbox 601 1199 1508 1256; baseline -0.002 0"><span class='ocrx_word' id='word_1_59' title='bbox 601 1201 738 1256; x_wconf 88' lang='lat' dir='ltr'><strong>Cum</strong></span> <span class='ocrx_word' id='word_1_60' title='bbox 759 1199 963 1255; x_wconf 86' lang='lat' dir='ltr'><strong>famulis</strong></span> <span class='ocrx_word' id='word_1_61' title='bbox 989 1199 1225 1254; x_wconf 87' lang='lat' dir='ltr'><strong>dominus</strong></span> <span class='ocrx_word' id='word_1_62' title='bbox 1266 1218 1329 1253; x_wconf 88' lang='lat' dir='ltr'><strong>ue</strong></span> <span class='ocrx_word' id='word_1_63' title='bbox 1355 1204 1508 1254; x_wconf 82' lang='lat' dir='ltr'><strong>terrae</strong></span> 
     </span>
     <span class='ocr_line' id='line_1_17' title="bbox 458 1270 1407 1337; baseline -0.004 -10"><span class='ocrx_word' id='word_1_64' title='bbox 458 1271 812 1337; x_wconf 78' lang='lat' dir='ltr'><strong>Fastidiosus3</strong></span> <span class='ocrx_word' id='word_1_65' title='bbox 850 1270 943 1325; x_wconf 88' lang='lat' dir='ltr'><strong>sed</strong></span> <span class='ocrx_word' id='word_1_66' title='bbox 967 1270 1142 1324; x_wconf 86' lang='lat' dir='ltr'><strong>Timor</strong></span> <span class='ocrx_word' id='word_1_67' title='bbox 1167 1274 1220 1324; x_wconf 91' lang='lat' dir='ltr'><strong>et</strong></span> <span class='ocrx_word' id='word_1_68' title='bbox 1310 1270 1407 1324; x_wconf 84' lang='lat' dir='ltr'><strong>inae</strong></span> 
     </span>
     <span class='ocr_line' id='line_1_18' title="bbox 463 1340 1553 1414; baseline -0.001 -16"><span class='ocrx_word' id='word_1_69' title='bbox 463 1342 728 1398; x_wconf 81' lang='lat' dir='ltr'><strong>Scandunt</strong></span> <span class='ocrx_word' id='word_1_70' title='bbox 752 1340 949 1407; x_wconf 91' lang='lat' dir='ltr'><strong>eodem,</strong></span> <span class='ocrx_word' id='word_1_71' title='bbox 977 1358 1079 1412; x_wconf 91' lang='lat' dir='ltr'><strong>quo</strong></span> <span class='ocrx_word' id='word_1_72' title='bbox 1106 1340 1360 1408; x_wconf 88' lang='lat' dir='ltr'><strong>dominus,</strong></span> <span class='ocrx_word' id='word_1_73' title='bbox 1387 1360 1553 1414; x_wconf 87' lang='lat' dir='ltr'><strong>neque</strong></span> 
     </span>
    </p>

    <p class='ocr_par' dir='ltr' id='par_1_11' title="bbox 530 1411 1231 1467">
     <span class='ocr_line' id='line_1_19' title="bbox 530 1411 1231 1467; baseline -0.003 0"><span class='ocrx_word' id='word_1_74' title='bbox 530 1411 752 1467; x_wconf 88' lang='lat' dir='ltr'><strong>Decedit</strong></span> <span class='ocrx_word' id='word_1_75' title='bbox 777 1415 933 1467; x_wconf 72' lang='lat' dir='ltr'><strong>aerata</strong></span> <span class='ocrx_word' id='word_1_76' title='bbox 955 1411 1153 1466; x_wconf 86' lang='lat' dir='ltr'><strong>triremi</strong></span> <span class='ocrx_word' id='word_1_77' title='bbox 1177 1416 1231 1466; x_wconf 87' lang='lat' dir='ltr'><strong>et</strong></span> 
     </span>
    </p>

    <p class='ocr_par' dir='ltr' id='par_1_12' title="bbox 462 1482 1527 1707">
     <span class='ocr_line' id='line_1_20' title="bbox 599 1482 1465 1554; baseline -0.001 -15"><span class='ocrx_word' id='word_1_78' title='bbox 599 1485 732 1539; x_wconf 88' lang='lat' dir='ltr'><strong>Post</strong></span> <span class='ocrx_word' id='word_1_79' title='bbox 757 1483 982 1554; x_wconf 85' lang='lat' dir='ltr'><strong>equitem</strong></span> <span class='ocrx_word' id='word_1_80' title='bbox 1008 1482 1154 1537; x_wconf 89' lang='lat' dir='ltr'><strong>sedet</strong></span> <span class='ocrx_word' id='word_1_81' title='bbox 1179 1488 1292 1538; x_wconf 81' lang='lat' dir='ltr'><strong>atra</strong></span> <span class='ocrx_word' id='word_1_82' title='bbox 1317 1484 1465 1538; x_wconf 85' lang='lat' dir='ltr'><strong>Cura.</strong></span> 
     </span>
     <span class='ocr_line' id='line_1_21' title="bbox 462 1553 1527 1634; baseline 0.001 -25"><span class='ocrx_word' id='word_1_83' title='bbox 462 1554 617 1624; x_wconf 76' lang='lat' dir='ltr'><strong>Quod</strong></span> <span class='ocrx_word' id='word_1_84' title='bbox 641 1554 685 1610; x_wconf 93' lang='lat' dir='ltr'><strong>si</strong></span> <span class='ocrx_word' id='word_1_85' title='bbox 708 1554 968 1609; x_wconf 88' lang='lat' dir='ltr'><strong>dolentem</strong></span> <span class='ocrx_word' id='word_1_86' title='bbox 992 1571 1089 1608; x_wconf 89' lang='lat' dir='ltr'><strong>nec</strong></span> <span class='ocrx_word' id='word_1_87' title='bbox 1114 1553 1372 1634; x_wconf 79' lang='lat' dir='ltr'><strong>Phrygius</strong></span> <span class='ocrx_word' id='word_1_88' title='bbox 1397 1554 1527 1627; x_wconf 82' lang='lat' dir='ltr'><strong>lapis</strong></span> 
     </span>
     <span class='ocr_line' id='line_1_22' title="bbox 463 1624 1345 1707; baseline -0.002 -27"><span class='ocrx_word' id='word_1_89' title='bbox 463 1625 578 1680; x_wconf 88' lang='lat' dir='ltr'><strong>Nec</strong></span> <span class='ocrx_word' id='word_1_90' title='bbox 603 1643 941 1707; x_wconf 83' lang='lat' dir='ltr'><strong>purpurarum</strong></span> <span class='ocrx_word' id='word_1_91' title='bbox 970 1624 1136 1679; x_wconf 88' lang='lat' dir='ltr'><strong>sidere</strong></span> <span class='ocrx_word' id='word_1_92' title='bbox 1161 1624 1345 1679; x_wconf 75' lang='lat' dir='ltr'><strong>clarior</strong></span> 
     </span>
    </p>

    <p class='ocr_par' dir='ltr' id='par_1_13' title="bbox 533 1694 1498 1836">
     <span class='ocr_line' id='line_1_23' title="bbox 533 1694 1258 1751; baseline -0.003 0"><span class='ocrx_word' id='word_1_93' title='bbox 533 1695 745 1751; x_wconf 85' lang='lat' dir='ltr'><strong>Delemt</strong></span> <span class='ocrx_word' id='word_1_94' title='bbox 769 1714 895 1750; x_wconf 86' lang='lat' dir='ltr'><strong>usus</strong></span> <span class='ocrx_word' id='word_1_95' title='bbox 920 1714 1015 1749; x_wconf 90' lang='lat' dir='ltr'><strong>nec</strong></span> <span class='ocrx_word' id='word_1_96' title='bbox 1041 1694 1258 1750; x_wconf 84' lang='lat' dir='ltr'><strong>Falerna</strong></span> 
     </span>
     <span class='ocr_line' id='line_1_24' title="bbox 605 1766 1498 1836; baseline -0.001 -15"><span class='ocrx_word' id='word_1_97' title='bbox 605 1767 746 1821; x_wconf 91' lang='lat' dir='ltr'><strong>Vitis</strong></span> <span class='ocrx_word' id='word_1_98' title='bbox 770 1766 1254 1836; x_wconf 87' lang='lat' dir='ltr'><strong>Achaemeniumque</strong></span> <span class='ocrx_word' id='word_1_99' title='bbox 1280 1769 1498 1833; x_wconf 88' lang='lat' dir='ltr'><strong>costum,</strong></span> 
     </span>
    </p>
   </div>
   <div class='ocr_carea' id='block_1_4' title="bbox 420 1829 1379 1909">
    <p class='ocr_par' dir='ltr' id='par_1_14' title="bbox 420 1829 1379 1909">
     <span class='ocr_line' id='line_1_25' title="bbox 420 1829 1379 1909; baseline 0 -17"><span class='ocrx_word' id='word_1_100' title='bbox 420 1893 427 1901; x_wconf 74' lang='grc'><em>,</em></span> <span class='ocrx_word' id='word_1_101' title='bbox 465 1839 568 1892; x_wconf 85' lang='lat' dir='ltr'><strong>Cur</strong></span> <span class='ocrx_word' id='word_1_102' title='bbox 589 1829 878 1892; x_wconf 84' lang='lat' dir='ltr'><strong>invidendis</strong></span> <span class='ocrx_word' id='word_1_103' title='bbox 903 1836 1140 1909; x_wconf 76' lang='lat' dir='ltr'><strong>postibus</strong></span> <span class='ocrx_word' id='word_1_104' title='bbox 1165 1843 1218 1891; x_wconf 90' lang='lat' dir='ltr'><strong>et</strong></span> <span class='ocrx_word' id='word_1_105' title='bbox 1243 1856 1379 1892; x_wconf 89' lang='lat' dir='ltr'><strong>novo</strong></span> 
     </span>
    </p>
   </div>
   <div class='ocr_carea' id='block_1_5' title="bbox 466 1907 1324 2121">
    <p class='ocr_par' dir='ltr' id='par_1_15' title="bbox 466 1907 1324 2121">
     <span class='ocr_line' id='line_1_26' title="bbox 466 1907 1283 1964; baseline -0.001 -1"><span class='ocrx_word' id='word_1_106' title='bbox 466 1908 694 1964; x_wconf 86' lang='lat' dir='ltr'><strong>Sublime</strong></span> <span class='ocrx_word' id='word_1_107' title='bbox 716 1908 823 1962; x_wconf 88' lang='lat' dir='ltr'><strong>ritu</strong></span> <span class='ocrx_word' id='word_1_108' title='bbox 846 1907 1028 1962; x_wconf 83' lang='lat' dir='ltr'><strong>moliar</strong></span> <span class='ocrx_word' id='word_1_109' title='bbox 1052 1907 1237 1961; x_wconf 80' lang='lat' dir='ltr'><strong>atrium</strong></span> <span class='ocrx_word' id='word_1_110' title='bbox 1260 1909 1283 1962; x_wconf 82' lang='lat'>?</span> 
     </span>
     <span class='ocr_line' id='line_1_27' title="bbox 537 1977 1324 2048; baseline 0 -15"><span class='ocrx_word' id='word_1_111' title='bbox 537 1980 642 2034; x_wconf 85' lang='lat' dir='ltr'><strong>Cur</strong></span> <span class='ocrx_word' id='word_1_112' title='bbox 663 1979 794 2033; x_wconf 86' lang='lat' dir='ltr'><strong>valle</strong></span> <span class='ocrx_word' id='word_1_113' title='bbox 821 1981 1107 2048; x_wconf 86' lang='lat' dir='ltr'><strong>permutem</strong></span> <span class='ocrx_word' id='word_1_114' title='bbox 1134 1977 1324 2034; x_wconf 85' lang='lat' dir='ltr'><strong>Sabina</strong></span> 
     </span>
     <span class='ocr_line' id='line_1_28' title="bbox 604 2048 1217 2121; baseline -0.002 -16"><span class='ocrx_word' id='word_1_115' title='bbox 604 2048 830 2105; x_wconf 84' lang='lat' dir='ltr'><strong>Divitias</strong></span> <span class='ocrx_word' id='word_1_116' title='bbox 856 2050 1217 2121; x_wconf 81' lang='lat' dir='ltr'><strong>operosiores?</strong></span> 
     </span>
    </p>
   </div>
   <div class='ocr_carea' id='block_1_6' title="bbox 555 2220 1696 2277">
    <p class='ocr_par' dir='ltr' id='par_1_16' title="bbox 555 2220 1696 2277">
     <span class='ocr_line' id='line_1_29' title="bbox 555 2220 1696 2277; baseline -0.002 -1"><span class='ocrx_word' id='word_1_117' title='bbox 555 2220 869 2277; x_wconf 83' lang='lat' dir='ltr'><strong>CARMEN</strong></span> <span class='ocrx_word' id='word_1_118' title='bbox 907 2222 1134 2277; x_wconf 72' lang='lat' dir='ltr'>H.—AJ&gt;</span> <span class='ocrx_word' id='word_1_119' title='bbox 1171 2237 1363 2276; x_wconf 79' lang='lat' dir='ltr'>PUBEM</span> <span class='ocrx_word' id='word_1_120' title='bbox 1399 2233 1696 2277; x_wconf 65' lang='lat' dir='ltr'><strong>nonnum.</strong></span> 
     </span>
    </p>
   </div>
   <div class='ocr_carea' id='block_1_7' title="bbox 465 2335 1682 2897">
    <p class='ocr_par' dir='ltr' id='par_1_17' title="bbox 465 2335 1682 2897">
     <span class='ocr_line' id='line_1_30' title="bbox 466 2335 1420 2417; baseline -0.003 -25"><span class='ocrx_word' id='word_1_121' title='bbox 466 2339 781 2392; x_wconf 74' lang='lat' dir='ltr'>ANGUSTAM</span> <span class='ocrx_word' id='word_1_122' title='bbox 804 2335 963 2391; x_wconf 81' lang='lat' dir='ltr'><strong>amice</strong></span> <span class='ocrx_word' id='word_1_123' title='bbox 987 2337 1286 2417; x_wconf 85' lang='lat' dir='ltr'><strong>pauperiem</strong></span> <span class='ocrx_word' id='word_1_124' title='bbox 1310 2335 1420 2407; x_wconf 81' lang='lat' dir='ltr'><strong>pati</strong></span> 
     </span>
     <span class='ocr_line' id='line_1_31' title="bbox 468 2406 1233 2477; baseline -0.005 -13"><span class='ocrx_word' id='word_1_125' title='bbox 468 2408 743 2464; x_wconf 80' lang='lat' dir='ltr'><strong>Robustus</strong></span> <span class='ocrx_word' id='word_1_126' title='bbox 768 2407 870 2460; x_wconf 85' lang='lat' dir='ltr'><strong>acri</strong></span> <span class='ocrx_word' id='word_1_127' title='bbox 895 2406 1080 2460; x_wconf 82' lang='lat' dir='ltr'><strong>mihtia</strong></span> <span class='ocrx_word' id='word_1_128' title='bbox 1103 2425 1233 2477; x_wconf 85' lang='lat' dir='ltr'><strong>puer</strong></span> 
     </span>
     <span class='ocr_line' id='line_1_32' title="bbox 538 2476 1366 2532; baseline -0.004 0"><span class='ocrx_word' id='word_1_129' title='bbox 538 2476 817 2532; x_wconf 82' lang='lat' dir='ltr'><strong>Condiscat</strong></span> <span class='ocrx_word' id='word_1_130' title='bbox 842 2481 896 2530; x_wconf 87' lang='lat' dir='ltr'><strong>et</strong></span> <span class='ocrx_word' id='word_1_131' title='bbox 919 2476 1144 2531; x_wconf 87' lang='lat' dir='ltr'><strong>Parthos</strong></span> <span class='ocrx_word' id='word_1_132' title='bbox 1171 2477 1366 2531; x_wconf 88' lang='lat' dir='ltr'><strong>feroces</strong></span> 
     </span>
     <span class='ocr_line' id='line_1_33' title="bbox 605 2547 1489 2617; baseline -0.002 -15"><span class='ocrx_word' id='word_1_133' title='bbox 605 2547 781 2603; x_wconf 82' lang='lat' dir='ltr'><strong>Vexet</strong></span> <span class='ocrx_word' id='word_1_134' title='bbox 805 2565 964 2617; x_wconf 90' lang='lat' dir='ltr'><strong>eques</strong></span> <span class='ocrx_word' id='word_1_135' title='bbox 989 2547 1299 2602; x_wconf 91' lang='lat' dir='ltr'><strong>metuendus</strong></span> <span class='ocrx_word' id='word_1_136' title='bbox 1326 2548 1489 2613; x_wconf 86' lang='lat' dir='ltr'><strong>hasta,</strong></span> 
     </span>
     <span class='ocr_line' id='line_1_34' title="bbox 465 2616 1475 2689; baseline 0.001 -19"><span class='ocrx_word' id='word_1_137' title='bbox 465 2616 748 2688; x_wconf 83' lang='lat' dir='ltr'><strong>Vitamque</strong></span> <span class='ocrx_word' id='word_1_138' title='bbox 773 2617 869 2671; x_wconf 88' lang='lat' dir='ltr'><strong>sub</strong></span> <span class='ocrx_word' id='word_1_139' title='bbox 895 2617 1013 2671; x_wconf 86' lang='lat' dir='ltr'><strong>divo</strong></span> <span class='ocrx_word' id='word_1_140' title='bbox 1037 2623 1090 2671; x_wconf 89' lang='lat' dir='ltr'><strong>et</strong></span> <span class='ocrx_word' id='word_1_141' title='bbox 1115 2618 1329 2687; x_wconf 87' lang='lat' dir='ltr'><strong>trepidis</strong></span> <span class='ocrx_word' id='word_1_142' title='bbox 1355 2625 1475 2689; x_wconf 78' lang='lat' dir='ltr'><strong>agat</strong></span> 
     </span>
     <span class='ocr_line' id='line_1_35' title="bbox 468 2685 1682 2743; baseline -0.001 -1"><span class='ocrx_word' id='word_1_143' title='bbox 468 2687 536 2742; x_wconf 91' lang='lat' dir='ltr'><strong>In</strong></span> <span class='ocrx_word' id='word_1_144' title='bbox 557 2687 727 2742; x_wconf 88' lang='lat' dir='ltr'><strong>rebus.</strong></span> <span class='ocrx_word' id='word_1_145' title='bbox 797 2686 954 2741; x_wconf 89' lang='lat' dir='ltr'><strong>Illum</strong></span> <span class='ocrx_word' id='word_1_146' title='bbox 980 2706 1046 2741; x_wconf 80' lang='lat' dir='ltr'><strong>ex</strong></span> <span class='ocrx_word' id='word_1_147' title='bbox 1072 2688 1323 2743; x_wconf 83' lang='lat' dir='ltr'><strong>moenibus</strong></span> <span class='ocrx_word' id='word_1_148' title='bbox 1350 2688 1562 2742; x_wconf 82' lang='lat' dir='ltr'><strong>hosticis</strong></span> <span class='ocrx_word' id='word_1_149' title='bbox 1667 2685 1682 2704; x_wconf 85' lang='lat'>’</span> 
     </span>
     <span class='ocr_line' id='line_1_36' title="bbox 537 2756 1270 2812; baseline -0.001 0"><span class='ocrx_word' id='word_1_150' title='bbox 537 2759 781 2812; x_wconf 79' lang='lat' dir='ltr'><strong>Matrona</strong></span> <span class='ocrx_word' id='word_1_151' title='bbox 804 2756 1041 2812; x_wconf 85' lang='lat' dir='ltr'><strong>bellantis</strong></span> <span class='ocrx_word' id='word_1_152' title='bbox 1067 2767 1089 2810; x_wconf 88' lang='lat' dir='ltr'><strong>t</strong></span> <span class='ocrx_word' id='word_1_153' title='bbox 1126 2759 1270 2812; x_wconf 83' lang='lat' dir='ltr'><strong>ranni</strong></span> 
     </span>
     <span class='ocr_line' id='line_1_37' title="bbox 614 2826 1383 2897; baseline -0.001 -17"><span class='ocrx_word' id='word_1_154' title='bbox 614 2826 935 2897; x_wconf 81' lang='lat' dir='ltr'><strong>Prospiciens</strong></span> <span class='ocrx_word' id='word_1_155' title='bbox 961 2835 1011 2878; x_wconf 77' lang='lat' dir='ltr'><strong>et</strong></span> <span class='ocrx_word' id='word_1_156' title='bbox 1042 2847 1066 2879; x_wconf 80' lang='lat' dir='ltr'>a</span> <span class='ocrx_word' id='word_1_157' title='bbox 1107 2828 1214 2880; x_wconf 76' lang='lat' dir='ltr'><strong>ulta</strong></span> <span class='ocrx_word' id='word_1_158' title='bbox 1240 2829 1383 2888; x_wconf 56' lang='lat' dir='ltr'><strong>vireo</strong></span> 
     </span>
    </p>
   </div>
   <div class='ocr_carea' id='block_1_8' title="bbox 1846 775 1923 830">
    <p class='ocr_par' dir='ltr' id='par_1_18' title="bbox 1846 775 1923 830">
     <span class='ocr_line' id='line_1_38' title="bbox 1846 775 1923 830; baseline -0.026 0"><span class='ocrx_word' id='word_1_159' title='bbox 1846 775 1923 830; x_wconf 81' lang='lat'><strong>30</strong></span> 
     </span>
    </p>
   </div>
  </div>
 </body>
</html>
