2031 2952
278 130 383 180 132
932 128 1228 180 HORATII

285 246 463 316 Atque
489 247 648 301 aestus
673 264 925 319 curasque
950 265 1134 319 graves
1159 265 1189 304 e
1211 248 1421 320 pectore
1446 247 1605 320 pelli?
1773 249 1883 304 110
1909 279 1920 285 -

285 316 478 372 Nonne
503 316 830 388 cupidinibus
855 322 1053 373 statuat
1077 322 1263 373 natura
1284 318 1491 373 modum
1518 338 1688 391 quem,

288 385 431 446 Quid
456 386 624 442 latura
648 387 743 443 sibi
768 387 894 460 quid
917 389 985 444 sit
1011 388 1236 444 dolitura
1258 395 1520 459 negatum,

287 457 531 525 Quaerere
554 459 670 529 plus
693 459 903 531 prodest
929 464 982 514 et
1006 460 1157 515 inane
1182 459 1479 514 abscindere
1504 460 1648 516 soldo
1663 461 1688 516 P
1702 475 1715 487 ·

286 528 448 594 Num,
473 528 569 584 tibi
594 548 753 600 quum
776 530 952 585 fauces
978 531 1082 585 urit
1107 530 1238 595 sitis,
1264 548 1419 585 aurea
1441 532 1628 601 quoeris

286 598 520 655 Pocula!>
557 619 683 655 num
707 600 939 656 esuriens
965 601 1165 655 fastidis
1191 600 1362 656 omnia
1385 605 1573 682 proeter

284 669 548 726 Pavonem
585 671 996 752 rbombumque?
1056 672 1280 727 Tument
1316 671 1414 726 tib1
1454 690 1614 744 quum
1649 671 1877 745 inguina,

424 759 563 806 num,
590 760 636 796 sl
1648 756 1655 764 ·

287 810 491 866 Ancilla
515 817 606 868 aut
629 831 789 868 verna
811 816 892 868 est
915 816 1107 885 praesto
1134 831 1261 884 puer
1274 812 1305 879 ¹,
1331 811 1556 884 impetus
1580 810 1636 865 in
1660 830 1813 884 quem

288 882 551 938 Continuo
574 883 681 949 fiat,
707 883 852 938 malis
876 883 1132 952 tentigine
1156 884 1364 954 rumpi?
1384 903 1390 908 ·

288 952 414 1007 Non
438 971 567 1025 ego:
605 972 824 1024 namque
849 953 1125 1025 parabilem
1151 971 1266 1008 amo
1280 955 1538 1009 Venerem
1556 952 1878 1035 facilemque.

286 1022 455 1090 Illam,
480 1025 656 1080 “Post
716 1025 853 1080 aullo
871 1027 920 1080 :⁹⁹
960 1030 994 1053 “
1011 1024 1114 1080 Sed
1173 1024 1299 1080 luris
1318 1025 1367 1079 :”
1407 1024 1509 1078 “Si
1532 1024 1716 1078 exierit
1736 1042 1813 1078 v1r
1830 1023 1880 1079 :”

289 1094 464 1161 Gallis,
484 1092 616 1176 hanc
640 1096 685 1151 P
725 1096 736 1107 '
759 1094 972 1151 odemus
996 1096 1069 1150 ait
1095 1043 1209 1161 sibi,
1236 1114 1349 1166 quae
1371 1112 1539 1175 neque
1562 1112 1749 1174 magno
1776 1096 1879 1149 121

292 1166 408 1220 Stet
433 1172 600 1236 pretio
624 1185 791 1238 neque
816 1171 1107 1229 cunctetur,
1172 1184 1293 1220 uum
1318 1169 1400 1220 est
1420 1183 1567 1237 jussa
1590 1182 1781 1219 venire.

288 1235 515 1290 Candida
537 1242 782 1308 rectaque
806 1237 904 1305 sit;
942 1235 1134 1291 munda
1193 1242 1422 1300 actenus,
1448 1239 1510 1289 ut
1533 1252 1701 1306 neque
1725 1234 1882 1307 longa

287 1305 405 1361 Nec
428 1307 590 1388 magis
615 1307 730 1362 alba
752 1308 893 1374 velit,
920 1326 1073 1379 quam
1098 1306 1186 1361 dat
1208 1311 1409 1371 natura,
1435 1305 1614 1360 videri.

287 1376 423 1441 Haec
450 1376 540 1432 ubl
563 1378 836 1458 supposuit
861 1378 1045 1434 dextro
1071 1395 1258 1448 corpus
1283 1376 1409 1432 mihi
1433 1376 1634 1443 laevum,

286 1445 389 1502 Ilia
411 1451 464 1502 et
490 1447 681 1520 Egeria
704 1452 814 1505 est:
854 1449 920 1505 do
944 1466 1133 1504 nomen
1157 1447 1423 1521 quodlibet
1447 1447 1535 1515 illi,

288 1518 405 1574 Nec
430 1537 628 1590 vereor,
654 1538 734 1586 ne,
762 1519 886 1574 dum
912 1521 1078 1585 sutuo,
1104 1519 1183 1573 vir
1205 1538 1326 1574 rure
1349 1521 1598 1585 recurrat,

287 1589 461 1644 Janua
484 1589 766 1662 frangatur,
792 1589 949 1646 latret
973 1591 1131 1657 canis,
1158 1589 1385 1661 undique
1410 1608 1598 1660 magno

288 1659 450 1714 Pulsa
472 1658 655 1715 domus
680 1661 904 1732 strepitu
927 1666 1151 1725 resonet,
1177 1660 1262 1715 vel
1285 1660 1510 1730 pallidak
1534 1659 1674 1716 lecto

286 1728 509 1785 Desiliat
532 1731 729 1797 mulier,
754 1731 990 1786 miseram
1015 1750 1072 1786 se
1096 1731 1301 1785 conscia
1324 1723 1525 1796 clamet,
1777 1731 1878 1785 130

288 1799 542 1856 Cruribus
567 1800 678 1857 haec
701 1805 917 1866 metuat,
945 1800 1058 1856 doti
1081 1800 1349 1871 deprensa,
1377 1803 1582 1874 egomet
1607 1801 1694 1855 mi.

286 1870 559 1927 Discincta
584 1872 758 1927 tunica
782 1871 1084 1943 fugiendum
1109 1876 1190 1927 est
1214 1889 1274 1926 ac
1299 1870 1427 1942 pede
1450 1870 1606 1936 nudo,

285 1941 373 1997 Ne
397 1942 594 1997 nummi
616 1950 827 2014 pereant
851 1948 942 1998 aut
965 1961 1104 2014 puga
1128 1946 1219 1998 aut
1243 1941 1464 2013 denique
1489 1942 1638 1997 fama.

282 2012 551 2087 Deprendi
574 2014 821 2069 miserum
845 2018 962 2080 est3
997 2013 1160 2070 Fabio
1184 2013 1269 2069 vel
1284 2012 1461 2085 judice
1487 2014 1702 2070 vincam.

880 2185 1147 2241 SATIRA
1181 2184 1293 2241 ΠΙ.

285 2290 552 2348 Ommws
575 2291 675 2349 hoc
698 2291 883 2346 'vitium
908 2294 990 2347 est
1015 2291 1328 2355 cantoribuS,
1352 2289 1491 2346 inter
1515 2290 1706 2347 amicos

283 2363 364 2419 Ut
390 2382 653 2434 nunquam
676 2362 923 2418 inducant
947 2363 1176 2418 animum
1199 2366 1406 2417 cantare
1431 2361 1614 2433 rogati,

283 2432 481 2504 Injussi
506 2452 770 2506 nunquam
793 2434 1066 2491 desistant.
1140 2432 1330 2489 Sardus
1355 2431 1575 2488 habebat

284 2502 382 2558 Ille
405 2504 654 2576 Tigellius
680 2505 794 2562 hoc.
870 2506 1058 2572 Coesar,
1085 2505 1175 2577 qui
1200 2522 1384 2576 cogere
1408 2507 1602 2575 posset,

286 2574 342 2627 Si
367 2579 566 2644 peteret
592 2594 682 2646 per
707 2576 981 2632 amicitiam
1007 2576 1170 2649 patris
1195 2583 1350 2648 atque
1376 2593 1536 2642 suam,
1563 2593 1671 2630 non

283 2644 582 2719 Quidquam
607 2647 915 2718 proficeret3
953 2648 1001 2704 si
1025 2647 1359 2713 collibuisset,
1385 2646 1450 2702 ab
1475 2665 1574 2702 ovo

479 2741 492 2771 ἱ
517 2742 597 2782 aut
611 2751 721 2791 puer
1138 2742 1161 2772 ἱ
1185 2742 1402 2794 vepallida
1450 2752 1505 2782 ne
1521 2740 1684 2792 pauida
