2031 2952
515 146 897 197 CARMINUM
933 147 1038 196 111.
1072 147 1286 200 25—2'7.

316 263 535 333 Regina,
562 262 768 318 sublimi
791 261 994 333 flagello

382 336 559 406 Tange
584 333 781 389 Chloen
806 333 962 388 semel
987 336 1329 406 arrogantem.

353 568 667 626 GARMEN
705 568 1093 623 XXVII.—AD
1132 583 1445 623 GALATEAM.

244 689 444 745 Im‘Ios
467 702 631 756 parroe
653 681 929 737 recinentis
953 699 1106 735 omen

248 759 426 814 Ducat
452 759 504 811 et
530 771 800 826 praegnans
826 751 967 807 oanis
991 759 1082 806 aut
1108 749 1172 805 ab
1196 769 1321 822 agro

249 831 398 885 Rava
422 826 701 881 deourrens
725 823 848 894 lupa
869 821 1165 886 Lanuvino,

389 897 620 967 Fetaque
644 893 841 965 vulpes,

248 971 482 1040 Rumpat
506 970 560 1022 et
586 983 798 1036 serpens
823 964 922 1018 iter
948 961 1264 1028 institutum,

252 1042 308 1097 Si
332 1058 424 1112 per
450 1036 715 1108 obliquum
739 1034 919 1089 similis
945 1033 1151 1103 sagittae

248 1110 457 1167 Terruit
483 1124 713 1162 mannos,
786 1105 902 1176 Ego
927 1104 1013 1159 cui
1037 1102 1230 1158 timebo

393 1177 650 1236 Providus
673 1194 886 1247 auspex,

250 1253 544 1333 Antequam
570 1250 773 1303 stantes
792 1248 996 1314 repetat
1020 1241 1236 1314 paludes

252 1321 505 1379 Imbrium
532 1318 704 1374 divina
726 1315 837 1370 avis
860 1314 1236 1379 imminentum,

252 1393 496 1449 Oscinem
521 1407 729 1445 corvum
758 1403 910 1458 prece
935 1383 1197 1440 suscitabo

399 1461 532 1518 Solis
556 1459 621 1516 ab
646 1462 782 1515 ortu.

258 1533 340 1591 Sis
368 1532 488 1589 licet
512 1531 651 1595 felix,
676 1528 973 1598 ubicunque
999 1523 1180 1589 mavis,

258 1607 330 1661 Et
355 1620 548 1658 memor
570 1599 754 1664 nostri,
782 1597 1012 1662 Galatea,
1039 1594 1201 1661 vivam,

255 1678 432 1747 Teque
456 1690 553 1728 neo
576 1671 736 1727 laevus
761 1672 906 1724 vetet
931 1668 1005 1721 ire
1029 1665 1178 1738 picus

396 1744 513 1799 Nee
536 1760 671 1815 vaga
691 1738 886 1797 cornix.

260 1814 364 1873 Sed
388 1814 546 1878 videS,
574 1816 768 1883 quanto
792 1807 1020 1880 trepidet
1043 1807 1278 1861 tumultu

255 1890 461 1944 Pronus
486 1883 664 1939 Orion.
736 1881 854 1952 Ego
880 1878 1007 1951 quid
1033 1878 1101 1932 sit
1126 1887 1238 1932 ater

258 1957 472 2014 Hadriae
494 1954 616 2009 novi
641 1951 787 2007 sinus
811 1956 866 2007 et
891 1949 1017 2023 quid
1041 1948 1190 2004 albus

400 2027 590 2081 Peeeet
614 2024 796 2095 Iapyx.

259 2093 507 2155 Hostium
535 2112 724 2150 uxores
749 2092 999 2163 puerique
1026 2106 1190 2145 caecos

266 2168 504 2226 Sentiant
529 2170 702 2220 motus
728 2163 942 2218 orientis
966 2160 1152 2216 Austri
1175 2163 1229 2214 et

263 2237 510 2312 AEquoris
533 2236 668 2307 nigri
692 2234 955 2288 fremitum
978 2239 1035 2287 et
1059 2237 1344 2285 trementes

400 2306 632 2363 Verbere
655 2305 808 2377 ripas.

266 2380 352 2436 Sic
376 2385 431 2433 et
456 2378 664 2448 Europe
689 2376 890 2429 niveum
919 2372 1098 2427 doloso

265 2449 505 2505 Credidit
528 2455 680 2503 tauro
705 2446 840 2500 latus
864 2449 918 2499 et
943 2445 1230 2498 scatentem

268 2520 468 2577 Belluis
528 2529 708 2573 ontum
736 2516 1033 2585 mediasque
1058 2512 1266 2566 fraudes

413 2592 453 2644 P
525 2588 604 2643 uit
629 2587 811 2642 audax.

265 2661 453 2735 Nuper
477 2661 532 2715 in
556 2659 718 2731 pratis
743 2655 977 2713 studiosa
999 2654 1185 2709 florum
1213 2659 1267 2707 et

267 2733 476 2791 Debitae
501 2729 760 2803 Nymphis
784 2728 957 2799 opifex
975 2743 1183 2790 eoronae

1633 145 1703 200 77

1644 1302 1711 1358 10

1649 2015 1720 2069 20

1658 2720 1726 2772 30
