2031 2952
273 92 374 164 1321.
925 113 1222 163 HossA'ru

270 226 452 284 Errori
474 246 661 283 nomen
684 227 852 284 virtus
877 229 1137 301 posuisset
1160 230 1447 288 honestum.

186 339 190 343 -
270 299 346 354 At
371 303 517 368 pater
540 303 601 354 ut
625 300 783 370 gnati,
811 299 886 355 sie
911 319 1005 355 nos
1032 301 1275 356 debemus
1301 302 1465 367 amici,

273 369 329 423 Si
354 368 491 439 quod.
515 369 591 424 sit·
607 370 807 436 vitium,
835 390 941 426 non
965 371 1225 427 fastidire:
1267 374 1560 428 strabonem

268 439 512 510 Appellat
539 446 729 511 paetum
755 445 915 511 pater,
943 449 997 496 et
1022 442 1235 514 pullum,
1263 442 1396 497 male
1421 461 1609 514 parvus

272 510 329 564 Si
352 511 437 564 cui
460 509 594 565 filius
620 516 715 577 est,
743 516 804 566 ut
830 512 1095 568 abortivus
1121 513 1217 568 fuit
1244 513 1365 567 olim

271 580 351 634 Sis
391 581 554 651 phus3
591 581 726 637 hunc
750 601 929 637 varum
955 582 1186 640 distortis
1213 583 1477 648 cruribu83
1515 582 1661 638 illum

266 599 502 706 Balbutit
527 670 780 719 scaurum,
813 653 981 722 pravis
1006 654 1197 709 fultum
1223 654 1354 708 male
1379 653 1518 708 talis·

267 721 483 777 Parcius
508 721 592 777 hic
617 722 773 777 vivit:
817 724 955 793 frugi
981 724 1197 779 dicatur.
1271 725 1492 795 Ineptus

266 791 339 847 Et
359 791 635 862 jactantior
662 793 745 848 hic
775 794 942 860 paullo
969 800 1078 850 est:
1121 795 1403 850 concinnus
1429 793 1604 849 amicis
1799 794 1872 849 50

266 862 511 917 Postulat
535 868 595 917 ut
621 863 875 919 videatur.
955 866 1030 919 At
1056 868 1137 921 est
1160 864 1502 920 truculentior
1527 869 1681 937 atque

267 932 394 987 Plus
420 951 567 1005 aequo
591 933 747 989 liber:
793 935 1011 1007 simplex
1036 935 1284 1005 fortisque
1307 934 1588 1002 habeatur3

264 1003 475 1058 Caldior
497 1009 608 1060 est:
651 1024 792 1061 acres
819 1006 955 1061 inter
979 1012 1293 1061 numeretur.
1365 1005 1577 1073 Opinor,

267 1074 403 1130 Haec
428 1094 510 1131 res
537 1083 592 1130 et
611 1076 803 1147 jungit,
827 1077 1040 1149 junctos
1066 1081 1119 1130 et
1145 1079 1317 1133 servat
1341 1075 1549 1130 amicos.

266 1145 342 1200 At
365 1164 459 1200 nos
485 1147 708 1202 virtutes
733 1147 871 1219 ipsas
899 1147 1201 1202 invertimus
1228 1150 1384 1217 atque

271 1215 538 1271 Sincerum
564 1218 798 1288 cupimus
827 1237 918 1273 vas
943 1218 1244 1283 incrustare.
1317 1217 1520 1272 Probus
1578 1216 1659 1272 uis

269 1286 560 1351 Nobiscum
585 1288 745 1343 vivit:
790 1289 1010 1343 multum
1037 1288 1288 1343 demissus
1312 1288 1495 1354 homo;
1538 1288 1546 1298 '
1593 1287 1603 1298 ’

268 1356 439 1411 Tardo
466 1376 753 1430 cognomen
781 1359 962 1429 pingui
987 1358 1184 1414 damus,
1256 1359 1361 1414 Hic
1387 1359 1521 1429 fugit
1546 1373 1725 1413 omnes

268 1426 491 1483 Insidias
518 1428 750 1500 nullique
776 1429 910 1511 malo
933 1429 1072 1512 latus
1098 1429 1243 1486 obdit
1268 1434 1518 1511 apertum,
1571 1500 1580 1511 ·

262 1497 1679 1644 ἓιῖῗὲἔέἲςῗὲἓέἐὲἒθζῶῒῇἔιῗὲἰθῖῗὲἒξὲἒὲἓὲηο
1795 1500 1865 1554 ⁶⁰

259 1639 343 1693 Ac
367 1658 473 1693 non
497 1640 708 1695 incauto
735 1641 914 1695 fictum
937 1646 1269 1713 astutumque
1294 1660 1552 1698 vocamus,

267 1709 555 1779 Simplicior
585 1711 700 1781 quis
729 1716 782 1765 et
809 1716 905 1776 est,
933 1711 1134 1782 qualem
1161 1731 1242 1767 me
1267 1731 1401 1782 saepe
1427 1712 1647 1769 libenter

262 1779 555 1835 Obtulerim
584 1780 697 1845 tibi,
724 1781 998 1847 MaecenaS,
1028 1787 1089 1836 ut
1113 1782 1245 1837 forte
1270 1782 1527 1854 legentem

257 1851 368 1909 Aut
395 1852 612 1906 tacitum
640 1851 868 1929 impellat
896 1852 1075 1923 quovis
1102 1871 1335 1908 sermone
1361 1854 1640 1909 molestus:

262 1920 541 1976 Communi
568 1941 718 1976 sensu
746 1922 896 1994 plane
922 1928 1079 1988 caret,
1105 1922 1379 1994 inquimus.
1448 1924 1614 1989 Eheu,

257 1991 426 2059 Quam
452 1997 647 2047 temere
673 1992 729 2046 in
752 1997 952 2048 nosmet
981 1993 1141 2063 legem
1168 1993 1426 2049 sancimus
1448 1994 1676 2065 iniquam
1697 1996 1709 2049 Ξ

255 2061 394 2117 Nam
425 2064 567 2119 vitiis
595 2082 743 2117 nemo
770 2062 879 2118 sine
903 2064 1166 2131 nascitur3
1206 2064 1432 2136 optimus
1457 2064 1544 2119 ille
1568 2071 1666 2129 est,
1837 2117 1842 2122 .

255 2133 362 2201 Qui
388 2133 616 2190 minimis
640 2139 877 2204 urgetur.
949 2134 1165 2189 Amicus
1190 2134 1370 2201 dulcis,
1396 2139 1458 2189 ut
1482 2154 1684 2207 aequum
1713 2137 1810 2199 est,

255 2204 430 2272 Quum
461 2224 574 2260 mea
598 2209 898 2276 compenset
922 2204 1063 2260 vitiis
1087 2204 1237 2269 bona,
1300 2205 1497 2260 Iuribus
1523 2206 1680 2272 hisce,
1791 2206 1860 2265 70

260 2275 316 2331 Si
340 2274 495 2329 modo
521 2275 672 2348 plura
696 2275 820 2329 mihi
844 2274 980 2330 bona
1004 2280 1144 2341 sunt,
1172 2275 1256 2331 inc
1280 2277 1400 2342 net,
1426 2277 1587 2332 a‘mari

257 2344 318 2397 Si
343 2344 514 2402 volet:
554 2346 650 2401 hac
675 2345 792 2417 lege
817 2346 872 2400 in
896 2346 1094 2401 trutina
1153 2351 1340 2402 onetur
1363 2346 1556 2403 eadem.

256 2413 380 2481 Qui,
409 2434 474 2470 ne
502 2416 772 2472 tuberibus
796 2417 1024 2488 propriis
1050 2435 1081 2471 o
1121 2417 1276 2472 endat
1301 2417 1535 2483 amicum,

257 2484 520 2551 Postulat,
549 2487 783 2558 ignoscet
809 2487 1039 2543 verrucis
1063 2487 1237 2558 illius;
1277 2506 1484 2558 aequum
1508 2491 1605 2554 est,

255 2555 498 2610 Peccatis
523 2557 722 2611 veniam
749 2564 1046 2629 poscentem
1073 2558 1296 2614 reddere*
1312 2576 1509 2613 rursus,

254 2624 517 2696 Denique,
546 2632 801 2698 quatenus
828 2629 994 2684 excidi
1019 2629 1225 2700 penitus
1249 2629 1434 2685 vitium
1457 2629 1563 2694 irae,

257 2695 446 2751 Cetera
470 2698 598 2753 item
623 2704 891 2771 nequeunt
916 2699 1097 2756 stultis
1118 2699 1384 2768 haerentia,
1411 2718 1506 2756 cur
1526 2717 1633 2755 non
