2031 2952
631 138 1037 189 SATIRARUM
1070 140 1117 190 1.
1150 143 1202 202 4,
1238 140 1286 192 5.
1666 142 1764 191 141

119 295 123 298 >
165 253 448 310 Differtum
470 253 663 320 nautiS,
689 255 1004 336 cauponibus
1029 259 1184 328 atque
1206 255 1461 329 malignis.

165 326 288 381 Hoc
310 326 411 380 iter
431 325 603 397 ignavi
627 325 909 393 divimmus,
935 326 1090 382 altius
1116 345 1175 382 ac
1198 346 1296 383 nos

171 395 473 451 Praecinctis
497 414 690 463 unum3
728 396 898 452 minus
922 402 1003 452 est-
1029 398 1200 469 gravis
1226 397 1394 470 Appia
1419 397 1599 454 tardis.

172 467 282 522 Hic
308 485 405 535 ego
434 470 639 538 propter
664 486 865 539 aquam,
892 467 1030 540 quod
1055 473 1165 522 erat
1190 467 1475 535 deterrima,
1500 467 1671 525 ventri

164 536 349 592 Indico
374 537 577 602 bellum,
601 547 862 592 coenantes
887 537 1026 592 haud
1051 541 1219 593 animo
1244 557 1390 610 aequo

164 606 490 674 Exspectans
515 606 744 662 comites,
816 608 850 661 J
852 628 932 663 am
957 627 1062 663 nox
1085 609 1324 664 inducere
1348 609 1503 666 terris

164 676 392 732 Umbras
417 684 471 732 et
496 676 623 732 coelo
649 677 930 734 diffundere
957 680 1106 749 signa
1128 679 1362 752 parabat.
1689 679 1758 733 10

166 747 300 802 Tum
325 748 473 819 pueri
495 748 684 814 nautis,
710 749 884 820 pueris
910 749 1140 805 convicia
1164 758 1336 806 nautae

164 818 427 889 Ingerere.
504 823 537 847 “
552 818 676 874 Huc
699 819 950 891 appelle.’'
1028 821 1354 875 “Trecentos
1377 819 1591 875 inseris:
1631 820 1733 875 ohe

163 888 199 942 J
202 908 281 942 am
307 888 433 943 satis
457 892 537 943 est
556 889 605 944 !'’
677 889 821 943 Dum
848 909 916 945 aes
942 890 1182 963 exigitur,
1210 890 1332 945 dum
1359 890 1499 945 mula
1522 890 1712 962 ligatur

162 959 300 1014 Tota
322 949 430 1014 abst
454 959 596 1014 hora.
670 961 805 1014 Mali
828 960 1018 1016 culices
1043 980 1280 1033 ranaeque
1305 961 1563 1032 palustres

162 1030 424 1085 Avertunt
448 1048 672 1085 somnos,
745 1030 1028 1086 Absentem
1051 1036 1112 1086 ut
1138 1038 1314 1086 cantat
1341 1033 1557 1086 amicam

162 1099 338 1155 Multa
360 1099 595 1171 prolutus
618 1119 787 1172 vappa
808 1106 969 1156 nauta
991 1107 1148 1173 atque
1173 1102 1340 1156 viator

165 1171 431 1238 Certatim,
457 1171 664 1226 tandem
688 1172 855 1229 fessus
882 1171 1102 1226 dormire
1127 1174 1295 1227 viator

161 1241 377 1311 Incipit,
404 1259 464 1296 ac
488 1242 655 1296 missae
678 1248 884 1313 pastum
909 1242 1194 1297 retinacula
1220 1242 1369 1298 mulae

161 1312 344 1367 Nauta
366 1312 419 1383 pi
457 1330 513 1366 er
536 1330 661 1366 saxo
685 1312 870 1385 religat
895 1314 1173 1385 stertitque
1198 1315 1431 1384 supinus·

163 1382 385 1462 Jamque
443 1384 518 1437 ies
543 1383 737 1449 aderat,
763 1384 837 1438 nil
862 1403 1021 1454 quum
1045 1383 1318 1454 procedere
1343 1383 1551 1439 lintrem
1693 1385 1760 1440 20

166 1453 465 1520 Sentlmus3
501 1450 988 1510 donec'cerebrosus
1012 1454 1215 1526 prosilit
1241 1473 1375 1510 unus

160 1524 243 1579 Ac
267 1524 419 1578 mulae
441 1530 715 1595 nautaeque
741 1530 896 1593 caput
920 1525 1225 1597 lumbosque
1250 1527 1449 1595 saligno

162 1594 327 1649 Fuste
352 1594 521 1650 dolat:
561 1600 744 1667 quarta
766 1597 854 1651 vix
880 1595 1084 1651 demum
1108 1598 1411 1669 exponimur
1436 1598 1580 1654 hora.

162 1666 271 1719 Ora
294 1684 577 1738 manusque
602 1670 694 1720 tua
715 1666 952 1733 lavimus,
979 1668 1215 1733 Feronia,
1241 1667 1464 1739 lympha.

161 1735 314 1790 Milia
337 1744 448 1791 tum
477 1738 649 1807 pransi
672 1737 776 1792 tria
798 1739 1024 1810 repimus
1051 1746 1206 1810 atque
1231 1738 1466 1794 subimus

161 1806 471 1876 Impositum
497 1808 635 1862 saxis
659 1808 762 1863 late
786 1809 1125 1865 candentibus
1149 1811 1348 1864 Anxur.

161 1877 290 1932 Huc
313 1883 567 1933 venturus
595 1887 705 1933 erat
729 1879 988 1935 Maecenas
1014 1881 1240 1952 optimus
1266 1886 1423 1951 atque

163 1947 424 2014 CocceiuS,
449 1949 592 2004 missi
619 1950 818 2021 magnis
845 1950 908 2005 de
935 1950 1087 2006 rebus
1113 1958 1332 2021 uterque

161 2018 367 2089 Legati,
394 2038 600 2074 aversos
627 2021 766 2075 soliti
787 2038 1092 2092 componere
1118 2022 1324 2075 amicos,

163 2090 269 2145 Hic
295 2090 457 2145 oculis
482 2109 579 2162 ego
603 2090 753 2161 nigra
778 2092 904 2145 meis
930 2091 1029 2147 coll
1064 2093 1140 2145 ria
1164 2090 1335 2163 lippus
1690 2090 1758 2144 30

162 2160 392 2215 Illinere.
464 2160 674 2216 Interea
697 2161 957 2216 Maecenas
984 2111 1192 2217 agvenit
1217 2169 1373 2233 atque

165 2231 419 2286 Cocceius
445 2231 732 2303 Capitoque
759 2232 925 2286 simul·
936 2232 1204 2297 FonteiuS,
1232 2234 1294 2286 ad
1320 2249 1547 2303 unguem

163 2300 359 2356 Factus
385 2302 553 2367 homo,
581 2302 782 2357 Antoni
806 2322 911 2357 non
935 2308 996 2357 ut
1022 2303 1185 2372 magis
1210 2301 1339 2357 alter
1364 2302 1575 2357 amicus

163 2370 375 2427 Fundos
400 2372 607 2427 Aufidio
632 2373 809 2428 Lusco
835 2378 1057 2445 praetore
1081 2372 1301 2427 libenter

164 2440 492 2512 Linquimus,
520 2444 686 2498 insani
709 2443 936 2499 ridentes
959 2442 1168 2516 praemia
1192 2443 1387 2511 scribae,

162 2511 480 2568 Praetextam
505 2519 558 2568 et
585 2514 743 2568 latum
770 2514 970 2569 clavum
999 2533 1280 2585 prunaeque
1306 2514 1537 2571 batillum
1552 2524 1593 2571 ¹¹.

163 2581 231 2636 In
256 2582 635 2638 Mamurrarum
659 2584 780 2639 lassi
803 2585 984 2640 deinde
1011 2585 1138 2639 urbe
1160 2603 1441 2651 manemuS,

163 2652 390 2709 Murena
414 2654 673 2724 praebente
699 2655 919 2720 domum,
949 2655 1200 2727 Capitone
1226 2656 1463 2714 culinam.

715 2750 736 2769 ¹·
762 2742 965 2783 vatillum
1015 2741 1166 2784 catilla
